2604 4196
454 313 540 359 cmra
561 315 720 362 secururs
1018 309 1076 368 535

101 437 117 475 ιι
138 414 182 476 ris
195 413 293 494 possit
307 414 337 475 in
353 413 486 476 ecclesiis
499 417 561 476 tam
582 417 771 503 monterium
786 419 879 499 quam
895 419 1079 496 regularium

102 525 118 562 u
140 503 259 565 institui
275 511 305 563 et
317 504 472 584 aggregari
485 523 494 578 ;

145 613 165 652 a
182 597 216 652 2⁰
238 591 325 664 Quod
339 591 371 652 id
385 589 438 652 fiat
450 591 487 653 de
503 611 655 656 consensu
671 593 831 674 Ordinarii,
847 603 875 658 et
890 615 962 659 cum
977 598 1081 661 litteris

109 703 125 741 a
145 679 400 743 testimonialibus
413 679 547 761 ejusdem
560 703 567 757 ;

149 789 167 830 u
180 772 215 832 3⁰
226 769 314 841 Quod
325 768 515 832 instituentes
525 771 570 832 vel
583 777 780 852 aggregantes
792 772 1082 851 confraternitatem,

106 883 122 917 «
143 858 246 920 eidem
270 859 411 937 expresse
431 863 460 937 et
483 858 515 920 in
540 862 640 940 specie
660 861 890 924 communicent
910 862 1061 944 privilegia

107 973 121 1006 a
144 947 372 1028 indulgentias,
401 952 480 1026 etc,
514 949 619 1010 Ordini
647 949 812 1012 instituenti
837 949 883 1012 vel
910 952 1084 1030 aggreganti

108 1062 123 1096 a
146 1034 331 1098 nominatim
353 1053 518 1114 concessa;
543 1057 605 1099 non
619 1040 689 1100 verd
702 1057 754 1111 ea,
768 1037 880 1120 quibus
895 1057 948 1119 per
964 1039 1085 1120 privile-

110 1151 124 1185 «
148 1125 234 1208 gium
248 1125 533 1188 communicationis
547 1127 677 1208 gaudet3

153 1249 169 1288 ι
189 1227 223 1288 4⁰
237 1224 323 1298 Qudd
338 1230 446 1288 statuta
465 1227 749 1292 Contraternitatum
763 1229 973 1291 examinentur
987 1233 1016 1290 et
1030 1247 1069 1311 ap

112 1340 128 1374 a
150 1312 320 1397 probentur
334 1313 371 1374 ab
386 1314 545 1376 Ordinario
559 1315 633 1392 loci,
647 1322 676 1376 et
688 1315 797 1397 corrigi
812 1319 926 1397 possint
939 1337 947 1392 ;

154 1436 171 1474 a
192 1418 226 1476 5⁰
247 1413 331 1486 Quod
347 1413 378 1474 in
393 1414 592 1494 aggregandis
606 1420 636 1476 et
649 1413 869 1477 constituendis
882 1413 1080 1482 confraterni-

115 1529 129 1563 a
152 1503 265 1566 tatibus
277 1509 411 1563 servetur
424 1503 566 1564 llormula
579 1502 617 1564 ab
631 1503 738 1566 eodem
752 1503 899 1566 Pontifice
910 1505 1088 1586 approbarim

157 1625 174 1664 a
195 1606 227 1664 6⁰
250 1601 337 1674 Qudd
355 1601 456 1681 gratiae
476 1608 505 1664 ot
524 1601 720 1682 indulgentiae
742 1602 982 1665 Contraternitati
1005 1621 1090 1666 com-

117 1716 132 1751 a
154 1691 337 1766 manicatae,
361 1691 470 1770 praevia
489 1692 662 1772 cognitione
684 1691 834 1752 Ordinarii
857 1691 1003 1754 duntaxat
1018 1709 1091 1773 pro·

118 1804 133 1840 n
154 1781 352 1860 mulgentur3

159 1901 176 1940 a
197 1883 231 1940 7⁰
253 1877 339 1951 Quod
362 1877 595 1940 Confraternitas
609 1881 816 1958 eleemosynas
830 1883 859 1940 et
872 1879 929 1940 alia
943 1877 1096 1941 charitatis

104 1994 133 2026 vn
155 1967 293 2031 subsidia
307 1966 436 2047 excipiat
446 1968 530 2046 juxta
544 1966 674 2046 formam
688 1985 743 2048 per
757 1967 949 2030 Ordinarium
960 1967 1094 2050 proescri·

120 2083 135 2117 u
157 2056 311 2132 bendum3

161 2176 179 2215 u
198 2157 231 2218 8⁰
254 2152 341 2226 Quod
363 2152 450 2216 dictae
469 2153 670 2234 eleemosynae
690 2172 745 2235 pro
763 2152 885 2216 arbitrio
899 2154 1048 2216 Ordinarii
1061 2157 1092 2216 in

122 2269 136 2304 a
158 2241 319 2306 utilitatem
332 2241 466 2306 eeclesia
480 2241 616 2323 aliosque
629 2243 696 2323 pios
710 2260 783 2304 usus
796 2251 958 2324 erogentur
972 2264 980 2319 ;

164 2365 180 2403 a
200 2347 232 2405 9ο
254 2341 341 2414 Qudd
354 2339 528 2428 confessarii
545 2341 830 2405 confraternitatum
845 2343 905 2404 sint
918 2343 956 2404 ab
970 2343 1095 2405 Ordina-

123 2457 139 2493 (ι
160 2433 208 2496 rio
222 2430 398 2512 approbati;

167 2554 183 2592 a
204 2532 256 2593 10ο
278 2527 365 2601 Quod
379 2527 404 2590 si
418 2530 477 2590 sint
493 2529 663 2610 regulareS,
680 2530 696 2589 a
711 2529 839 2608 propriis
853 2527 943 2588 etiam
965 2528 1095 2590 Praelatis

126 2619 389 2702 «approbentur,
415 2625 444 2680 et
470 2619 623 2680 absolvant
649 2617 815 2679 confratres
835 2619 919 2696 juxta
943 2618 1095 2698 privilegia

127 2736 141 2769 c
162 2711 277 2773 eisdem
291 2725 446 2778 concessa,
461 2707 665 2772 dummodo...
682 2706 740 2768 sint
756 2706 786 2766 in
801 2725 876 2783 usu,
893 2725 949 2770 nec
963 2707 1096 2770 Concilio

128 2825 142 2857 n
162 2798 345 2885 Tridentino·
361 2796 537 2878 caeterisque
560 2795 741 2857 Pontificum
757 2795 1026 2858 Constitutionilms
1040 2797 1095 2858 ad·
1200 2838 1202 2842 -

129 2913 144 2948 n
163 2893 340 2960 versentur;

168 2988 283 3058 etl⁰..;
298 2987 349 3044 ΗΟ
358 2982 443 3054 Quod
453 2983 557 3044 litterae
566 2981 994 3062 erectionisetaggregatinnis
1002 2984 1085 3064 greti

130 3097 145 3135 r
164 3074 288 3138 dentur.
302 3093 318 3132 a

165 3170 518 3252 Arelricoasmtemr'totis
538 3171 661 3233 nomine
675 3169 850 3251 intelligitur
865 3169 1098 3253 Coasruterm'tm

128 3263 318 3344 privilegium
332 3260 446 3322 habens
460 3260 531 3322 alias
546 3261 601 3322 sibi
616 3259 815 3342 aggregandi,
838 3261 941 3342 eisque
956 3281 1092 3326 commu-

130 3352 250 3415 nicandi
265 3343 435 3432 spirituales
447 3349 557 3431 gratias
570 3350 655 3412 stota
670 3349 701 3412 S.
718 3349 794 3411 Sede
810 3368 977 3414 concessas.
1051 3348 1055 3352 ’

167 3453 319 3514 Potestate
330 3447 480 3510 ordinaria
491 3449 658 3529 Episcopus
671 3447 749 3510 valet
762 3447 1023 3513 Coniraternitates
1037 3453 1099 3516 eri·

131 3560 200 3623 gere
214 3559 222 3601 :
238 3557 275 3602 ex
289 3537 446 3619 privilegio
467 3545 568 3600 autem
582 3540 599 3598 a
614 3537 707 3599 Paulo
720 3539 744 3598 V
759 3556 902 3599 concesso
916 3557 969 3602 seu
983 3542 1098 3603 confir-

133 3637 223 3708 mato,
238 3625 360 3689 easdem
374 3632 489 3706 erigere
504 3634 628 3706 possunt
641 3627 801 3689 Generales
815 3627 961 3688 Ordinum
971 3648 979 3688 ι
991 3631 1099 3709 aggre-

134 3719 212 3798 gatio
229 3717 300 3778 rerd
315 3715 570 3778 Contraternitatis
588 3715 677 3778 alicui
701 3715 1025 3778 archiconiraternitati
1048 3735 1100 3797 per

136 3808 218 3871 istius
230 3806 373 3869 officiales
385 3804 536 3886 peragitur
545 3823 554 3874 ;
567 3810 635 3872 haec
644 3810 820 3890 aggregatio
834 3805 868 3864 fn
877 3805 914 3865 ad
924 3805 1101 3882 participan-
