2574 4198
408 301 411 306 ,
457 284 544 330 arnan
564 283 699 328 ranrrus.
815 279 819 292 '
1008 269 1070 332 683

132 383 282 467 Speoialis
304 399 503 446 censurarum
527 380 694 462 proprietas
714 385 758 442 est
780 379 863 460 quod
886 375 1071 464 cx‘seipsis,
1118 401 1120 406 ·

90 474 195 536 statim
212 491 249 536 ac
267 471 482 547 incurruntur,
497 467 707 532 executionem
721 467 871 546 habeant,
887 471 953 535 sine
971 473 1071 552 aliqut

91 563 152 626 alia
162 561 299 624 humana
313 560 430 622 actione
444 564 495 621 aut
506 556 616 638 Judiais
630 555 832 622 declaratione
848 577 856 619 τ
870 561 910 622 ita
925 566 958 624 ul
973 567 1073 623 tenea·

91 659 142 714 tur
163 656 343 714 censuratus
366 649 404 710 ab
426 647 463 710 iis
485 646 635 708 abstinere
660 663 730 726 quae
753 645 808 726 ipsi
836 665 1073 727 percensuram

94 737 307 818 prohibentur,
326 755 387 799 non
401 735 518 798 tantum
534 734 565 796 in
581 733 713 814 publico,
728 733 781 794 sed
792 734 881 796 etiarn
895 737 926 798 in
942 739 1072 814 occulto,
1098 757 1100 764 ’

95 844 158 890 non
182 827 303 888 tantlrm
321 827 354 886 in
374 822 524 888 territorio
546 822 627 884 illius
649 821 702 904 qui
726 840 887 886 censuram
912 825 996 900 tulit,
1021 825 1074 889 set¹

95 915 296 995 quocumque
317 913 398 988 ierit,
412 913 511 976 donec
523 909 562 972 ab
581 911 617 972 ea
631 908 720 972 luerit
734 909 898 976 absolutus.
919 913 992 975 Vide
1007 932 1073 996 cap.

97 1002 279 1078 Pcrcuratis,
293 999 338 1063 De
351 1000 449 1082 appell
454 1047 474 1074 .,
490 999 505 1080 5
528 999 687 1060 Veram·
704 1000 775 1060 Haec
789 1009 890 1062 autem
904 1001 948 1063 vis
962 1005 1076 1065 censu·

97 1110 204 1154 rarum
219 1107 281 1152 non
297 1089 392 1152 oritur
409 1108 447 1152 ex
465 1093 614 1170 praecepto
636 1105 796 1149 censuram
814 1087 956 1166 serentis,
972 1091 1071 1154 seder

97 1181 279 1243 auctoritate
290 1179 432 1240 Ecclesiae
444 1196 496 1240 seu
510 1178 543 1239 S.
555 1175 719 1238 Pontificis.

137 1269 226 1330 Circa
236 1267 302 1329 haec
318 1265 448 1328 notanda
458 1270 503 1328 est
514 1265 678 1347 propositio
692 1268 731 1326 la
745 1265 762 1326 ὲ
774 1264 827 1328 Pio
839 1267 878 1328 Vl
891 1286 944 1348 per
958 1269 1075 1333 Ballam

97 1361 264 1419 Auctorem
288 1353 361 1436 fidei
383 1353 544 1416 damnata:
566 1353 765 1433 aPropositio
783 1371 921 1418 asserens
945 1357 1075 1438 effectam

102 1468 118 1505 a
139 1443 450 1508 excommunicationis
468 1442 639 1504 exteriorne
661 1440 806 1502 duntucat
827 1461 898 1514 esse,
922 1447 993 1526 qaia
1014 1456 1078 1510 tan·

103 1556 119 1593 ι
140 1531 291 1595 tummodal
310 1530 418 1592 notarri
441 1530 493 1592 sut
515 1529 647 1594 occludit
666 1528 704 1590 ab
725 1530 871 1592 celeriori
886 1531 1078 1596 cammunica-

103 1643 119 1680 α
139 1623 221 1684 tione
235 1619 379 1692 Ecclesiae
401 1639 413 1682 .·
431 1619 517 1701 quasi
536 1617 810 1682 excommunicatio
838 1638 899 1681 uon
927 1623 965 1682 sit
988 1625 1097 1703 paena*

103 1733 119 1768 a
137 1707 317 1791 ¹spiritualis,
334 1709 428 1790 ligans
441 1707 575 1783 incaelo,
591 1707 708 1768 animas
718 1705 857 1785 obligans
873 1727 880 1767 :
895 1707 975 1790 salsa
988 1757 996 1785 ,
1009 1704 1099 1792 per-'¹

104 1797 273 1872 «niciosa,
303 1798 336 1858 in
370 1795 492 1858 articul.
522 1799 560 1858 23
589 1793 714 1856 lettera·
737 1792 896 1866 damnata,·
921 1797 961 1859 ad
982 1799 1099 1860 minus*

104 1905 307 1950 terrama.»
334 1926 337 1932 ·
1098 1891 1100 1903 ¹

140 1976 199 2037 Hic
222 1981 267 2038 est
289 1979 391 2038 autem
410 1975 495 2037 artic.
519 1979 556 2037 2³
576 1972 697 2036 Luthori
721 1973 738 2036 ir
757 1975 857 2036 Leone
873 1977 899 2038 X
917 1975 1078 2042 damnatus
1101 1983 1103 1995 ¹

100 2065 191 2144 cujus
213 2064 353 2124 meminit
375 2063 446 2124 Pius
461 2065 520 2124 Vl:
541 2064 899 2126 «excommunicationes
923 2073 992 2128 sunt
1007 2075 1077 2128 tan·

105 2176 120 2212 ι
142 2153 212 2216 tiam
224 2170 323 2232 pnenae
337 2158 478 2226 externae‚
496 2169 551 2214 nea
563 2152 681 2232 privant
694 2150 849 2214 hominem
863 2156 1077 2220 communibus

106 2264 122 2300 ι
142 2239 350 2324 spiritualibus
364 2239 504 2306 Ecclesiae
518 2240 704 2305 orationibus
718 2263 749 2305 a.

143 2330 317 2394 arn-11.
334 2327 489 2409 Multiplici
512 2328 603 2390 modo
625 2328 799 2392 dividuntur
816 2349 953 2394 censurae
969 2351 975 2393 :
994 2337 1024 2396 l⁰
1044 2335 1077 2396 in

101 2438 170 2482 saus
186 2418 293 2500 species
306 2464 315 2493 ‚
330 2435 441 2498 nempe
458 2417 490 2478 in
515 2419 851 2490 excommunicationem,
867 2423 1077 2501 suspensionem
1102 2443 1103 2448 ¹

104 2515 133 2570 et
153 2505 363 2581 interdictum
388 2507 431 2568 sic
454 2505 537 2566 enim
564 2505 655 2568 habet
676 2525 743 2588 cap.
773 2505 926 2582 Quaerenti
948 2513 1007 2588 20,
1035 2510 1078 2572 lle

109 2619 125 2658 ι
144 2594 259 2660 amaon
273 2593 379 2675 sipnr's.
392 2613 402 2656 .·
417 2594 570 2666 Quaerenti
586 2594 660 2676 quid
676 2613 729 2676 per
747 2615 908 2659 censuram
921 2597 1077 2661 ecclesias·
1099 2613 1102 2625 ’

109 2707 125 2747 a
145 2685 238 2748 ticam
247 2682 353 2744 debeat
364 2682 527 2764 intelligi„
542 2683 855 2765 respondemusquod
871 2703 924 2765 per
937 2705 1005 2748 eam
1016 2707 1077 2750 non
1100 2715 1101 2718 ¹

109 2796 126 2836 a
146 2773 247 2836 saliam
263 2769 422 2846 interdicti,
434 2771 488 2834 sed
500 2772 822 2836 excommunicationis
833 2781 863 2834 et
872 2776 1079 2855 suspensionis
1099 2789 1101 2794 ’

110 2885 125 2924 a
145 2861 292 2926 sententia
303 2860 557 2942 valetintelligi.a
1100 2879 1103 2886 ’

145 2955 180 3014 2⁰
193 2949 322 3012 Ratione
335 2947 418 3010 modi
436 2968 498 3030 quo
521 2948 592 3012 lerri
612 2948 728 3026 solent,
752 2947 926 3012 dividuntur
942 2967 1079 3014 censurae
1103 2977 1104 2982 ¹

106 3042 139 3104 in
151 3058 287 3104 censuras
304 3038 322 3100 ἀ
333 3039 406 3119 jare
419 3044 450 3101 et
467 3057 598 3101 censuras
614 3039 651 3102 ab
668 3037 805 3100 lamine:
820 3055 957 3102 censuras
975 3037 994 3099 ἀ
1005 3039 1080 3120 jare
1104 3049 1106 3054 '

106 3136 178 3194 sunt
197 3129 257 3191 illae
270 3146 338 3210 qua
351 3127 449 3210 ajars
469 3145 523 3190 seu
543 3146 598 3208 per
610 3145 762 3203 canones,
777 3126 1021 3204 constitutiones,
1035 3129 1080 3192 vel

106 3224 216 3282 statuta
228 3217 367 3280 teruntur
381 3215 474 3280 modo
486 3215 585 3278 stabili
598 3223 626 3278 et
641 3215 841 3298 permanenti.
853 3216 996 3278 Censura,
1010 3219 1080 3282 vero
1102 3221 1108 3248 ²

106 3307 143 3368 ab
156 3307 295 3382 lamine,
310 3312 381 3368 sunt
400 3323 444 3369 cac
458 3321 527 3387 quae
549 3304 680 3385 njudice
693 3323 747 3386 per
761 3304 941 3366 sententiam
956 3305 1081 3384 judicia·
1103 3335 1106 3341 ·
1184 3343 1186 3348 ·

106 3395 415 3473 riam,ve1al>raelato
429 3413 482 3476 per
491 3395 657 3476 temporale
671 3393 861 3468 mandatam,
877 3393 938 3458 sive
951 3397 1079 3476 particu-
1103 3407 1109 3430 '·

107 3483 169 3548 lare
182 3485 246 3548 aire
259 3484 412 3565 generale,
425 3483 603 3567 infliguntur
613 3489 665 3545 aut
677 3487 858 3545 statuuntur.
1102 3495 1107 3518 ²

145 3577 179 3639 3·
199 3574 314 3636 Iterum
337 3572 452 3634 ratione
475 3569 556 3632 madi
580 3587 641 3651 qua
663 3568 812 3649 feruutur,
834 3589 970 3635 censurae
988 3572 1081 3636 tama

105 3663 174 3744 inre
187 3663 283 3745 quam
296 3661 335 3724 ab
353 3660 477 3722 homine
493 3657 667 3721 dividuntur
682 3660 714 3720 in
728 3677 872 3724 censuras
887 3661 958 3726 lotae
973 3663 1081 3724 senten·
1105 3664 1109 3676 '

107 3753 159 3815 tia
173 3759 204 3814 et
222 3765 370 3812 censuras
386 3748 518 3826 serendae
536 3750 860 3812 comminiscensae
879 3749 950 3816 latae
964 3763 1080 3812 senten-
1103 3767 1110 3784 ·
