2552 4204
450 283 534 328 traca
554 280 685 324 rannus.
1007 262 1064 318 729

82 393 249 458 iurantium
263 385 473 452 elementiam
488 386 564 462 (cap.
584 378 668 455 Quod
680 380 712 440 in
725 389 762 454 te,
778 378 823 442 De
842 375 1023 461 penitentia
1037 383 1066 436 et

83 505 156 547 rem.
169 503 179 556 ;
193 488 223 544 et
240 498 308 558 cap.
325 475 561 556 Episcoporum,
576 469 620 531 lle
632 469 823 550 prr'vilepr'l's,
839 469 870 532 in
882 474 935 541 θος
951 477 980 528 el
994 466 1063 528 Cle-

84 579 181 636 ment.
199 567 287 643 l,De
299 561 654 646 Sepull.).ldxcipiuntur
665 557 777 631 clerici,
794 559 845 639 qui
861 559 893 618 in
906 555 1064 618 interdicto

84 659 241 745 generali,
259 658 322 718 ttm
336 651 423 716 locali
442 652 533 730 quam
549 647 720 729 personali,
745 647 863 728 sepeliri
884 653 1010 728 possunt
1033 646 1064 706 iu

84 741 462 821 locosaoro,eliamci1m
477 737 585 813 missa,
607 736 661 798 sed
679 736 746 797 sine
766 737 877 818 pompa
897 754 905 796 ε
928 733 1066 808 quinimd

85 838 209 921 sepeliri
234 839 362 916 possunt
382 831 413 890 in
436 827 564 891 ecclesie
586 827 756 906 specialiter
776 825 935 886 interdicta
949 840 958 884 a
974 821 1027 882 sed
1045 821 1066 882 ii

88 929 206 990 tantum
222 921 325 987 clerici
339 919 391 1000 qui
404 917 495 996 hujus
509 915 645 978 ecclesiae
662 915 782 976 servitio
798 919 871 976 sunt
884 911 1014 986 addicti,
1038 914 1068 972 et

87 1017 155 1080 sine
169 1014 263 1076 missa
275 1018 349 1072 tunc
363 1006 482 1087 sepeliri
497 1004 666 1067 deberent:
689 1004 756 1066 laici
775 1004 848 1065 verd
867 1009 1006 1081 tempore
1024 999 1067 1059 in·

87 1105 207 1170 terdicti
219 1099 323 1164 localis
337 1094 498 1178 generalis,
510 1093 674 1174 sepeliendi
688 1095 800 1154 suntin
811 1091 878 1154 loco
893 1107 954 1150 non
969 1105 1065 1162 sacro,

88 1195 180 1257 etum
195 1191 346 1263 intentes,
360 1193 390 1247 et
403 1185 428 1248 si
443 1183 520 1246 forte
540 1183 572 1242 in
593 1183 659 1244 loco
679 1200 765 1244 sacro
787 1179 914 1243 luissent
936 1176 1066 1258 sepulti,

89 1279 250 1346 exhumari
269 1277 404 1338 debent:
424 1277 561 1336 cessante
583 1280 686 1336 autem
708 1269 886 1346 interdicto,
907 1283 1016 1330 omnes
1034 1264 1066 1328 iu

89 1369 159 1436 locu
171 1382 259 1431 sacro
272 1370 344 1427 sunt
356 1360 536 1437 reponendi.

146 1457 326 1520 Mandenles
344 1471 399 1516 seu
423 1458 565 1532 cogentes
587 1453 664 1514 tradi
688 1457 849 1534 sepulturae
871 1455 1080 1520 ecclesiastica

106 1543 267 1607 haereticos
282 1542 428 1618 uotorios,
441 1548 493 1602 aut
504 1543 681 1604 nominatim
690 1545 970 1606 excommunicatos
981 1545 1027 1605 vel
1041 1544 1084 1604 in·

108 1631 266 1704 lerdiclos,
283 1630 628 1693 excommunicationem
646 1633 760 1700 nemini
781 1638 961 1694 reservatam
979 1633 1084 1706 incur-

109 1729 191 1784 runt.
216 1720 273 1792 Qut
291 1718 360 1780 vero
374 1720 502 1780 scienter
525 1717 678 1780 celebrant
697 1721 742 1780 vel
758 1719 903 1782 celebrari
918 1719 1034 1779 iaciunt
1052 1720 1084 1782 in

110 1811 188 1874 locis
205 1807 383 1880 interdictis,
397 1805 435 1868 ab
443 1806 579 1885 ingressu
594 1807 728 1870 ecclesiae
743 1809 974 1882 interdicuntur,
988 1807 1085 1870 donec

107 1901 147 1973 ei,
156 1899 247 1978 cujus
255 1896 691 1974 sententiamconlempserint,
702 1893 911 1962 satisfecerint.
923 1895 969 1974 (C.
977 1898 1001 1958 A
1003 1907 1081 1980 post.

108 1987 297 2136 scsseiirpore
314 2066 387 2119 vero
406 2065 556 2118 interdicti
571 2061 718 2135 generalis
741 2063 907 2134 personetis
921 2078 1012 2120 nemo
1034 2073 1080 2125 est

102 2147 271 2232 privandus
288 2146 444 2226 sepultura
462 2145 674 2218 ecclesiastlct,
693 2147 748 2206 nisi
769 2147 821 2227 qui
837 2151 1032 2227 personaliter
1050 2161 1080 2214 el

102 2236 286 2300 nominatim
310 2242 410 2296 essent
442 2233 591 2295 interdicti
624 2235 783 2316 (Clemenl.
814 2240 851 2311 l,
879 2236 923 2298 Dr
950 2241 1076 2319 sepult.;

101 2327 208 2389 Glossa
230 2323 268 2384 ad
291 2323 417 2385 verbum
439 2321 623 2386 Nominolt'm
634 2343 644 2400 3
664 2343 731 2404 cap.
759 2324 799 2389 dt
818 2327 1008 2408 prtolleplum
1026 2335 1076 2409 dd,

103 2415 148 2476 De
162 2412 333 2494 prl'oilep.).

141 2505 241 2564 Nemo
257 2503 368 2582 pariter
384 2509 428 2564 est
443 2502 604 2582 privandus
623 2503 776 2584 sepulturt
792 2504 1002 2578 ecclesiastica,
1018 2507 1077 2569 nisi

100 2591 300 2654 interdictum
315 2591 379 2652 tam
394 2590 489 2654 locale
504 2593 596 2673 qutm
612 2593 770 2671 personale
785 2593 823 2653 sil
840 2593 1010 2674 specialiter
1023 2595 1076 2658 dc·

101 2681 289 2749 nuntiatum.

141 2769 251 2830 Clerici
267 2767 412 2830 violantes
426 2768 619 2830 interdictum
635 2770 801 2832 mortaliter
821 2780 965 2852 peccant:
984 2791 1074 2838 excu-

99 2864 207 2922 santur
220 2865 324 2920 lamen
337 2859 480 2937 parvitate
494 2858 638 2932 materiae,
652 2864 686 2920 ut
698 2857 724 2922 si
737 2868 934 2922 exerceantur
949 2863 1078 2926 lunello·-

101 2964 156 3008 nes
170 2965 241 3028 quae
256 2947 274 3007 i
289 2945 373 3008 laicis
386 2945 452 3010 fieri
468 2955 604 3026 possunt.
961 2989 975 3020 ς

139 3037 326 3097 Exerceutes
338 3036 408 3098 vero
422 3035 562 3097 ordinem
578 3055 709 3116 sacrum,
732 3038 856 3119 quando
870 3046 941 3102 sunt
955 3045 1073 3122 specia-

99 3123 168 3184 liter
180 3123 347 3198 interdicti,
361 3124 407 3186 vel
423 3125 585 3206 quandoid
600 3126 714 3190 iaciunt
725 3127 755 3188 in
769 3128 835 3190 loco
850 3130 1018 3209 specialiter
1032 3132 1074 3195 in·

85 3209 240 3286 terdicto,
260 3219 311 3274 aut
327 3212 359 3274 in
374 3211 441 3276 luco
455 3215 633 3295 generaliter
649 3216 820 3290 interdicto,
833 3219 935 3296 januis
949 3222 1071 3301 apertis,

98 3318 160 3362 non
172 3297 275 3364 sotum
288 3301 415 3382 graviter
429 3311 565 3384 peccant,
581 3305 632 3365 sed
648 3305 737 3366 etiam
752 3307 912 3370 incurrunt
922 3308 1070 3392 irregula-

97 3388 338 3535 rltffiinemes
352 3470 444 3530 laicos
460 3467 633 3530 interdictos
648 3467 685 3528 ad
699 3466 796 3530 officia
810 3467 910 3530 divina
926 3487 987 3531 non
1003 3487 1071 3532 am-

97 3565 177 3717 }leipirs
192 3558 288 3732 lpodie
302 3559 340 3620 ab
355 3558 493 3640 ingressu
507 3557 654 3623 Ecclesiae
668 3557 899 3625 interdicuntur.
915 3558 956 3642 (G.
970 3559 1070 3640 Apost-

159 3671 194 3714 ιε.
215 3697 224 3714 .
