2618 4212
525 243 680 288 arranem.
1041 232 1095 296 tit

116 349 301 434 patefacere,
317 351 348 416 in
364 353 425 418 hae
446 354 549 418 scium
576 357 722 421 innuitur
733 359 880 422 eumdem
906 361 944 424 ad
961 381 1093 426 examen

114 438 220 501 vocari
235 450 270 501 ut
282 459 349 505 sese
363 452 491 507 excuset
507 444 540 508 in
564 463 670 521 eausa,
688 465 759 530 quea
777 449 882 530 ipsum
904 453 1031 534 respicit
1050 453 1096 515 uti

114 539 315 593 accusatum.

573 681 646 728 xxiv

154 797 317 881 Sijudicio
344 802 452 866 sistere
480 801 612 879 abnuat,
641 805 770 868 iteratur
789 805 939 884 indictio,
967 807 1000 872 in
1030 827 1094 890 qua

114 886 218 950 eidem
232 888 403 970 praefigitur
415 907 590 973 congruum
603 893 865 975 peremptorium,
891 896 985 977 eique
1000 897 1095 977 signi·

116 975 320 1056 ticaturquod
335 977 360 1040 si
375 977 481 1041 adhue
495 978 622 1041 obedire
631 996 755 1056 renuat,
765 980 937 1046 habebitur
950 1001 1009 1046 ceu
1021 999 1095 1046 oon-

114 1069 226 1126 tumn
241 1072 294 1126 :et
309 1083 365 1146 pro
378 1065 431 1128 tali
441 1066 472 1129 in
484 1065 959 1150 iactoestimabitur,quaterius
974 1070 1095 1152 absque

115 1149 250 1230 probato
273 1153 411 1233 legitimo
427 1155 669 1234 impedimento,
693 1157 784 1218 istam
812 1175 939 1240 qnoque
963 1158 1093 1240 postha-

116 1236 204 1300 beret
220 1241 467 1305 intimationem.

575 1401 638 1448 XXV

153 1510 186 1576 Si
202 1521 392 1593 compareat,
404 1515 575 1578 auditurin
594 1518 759 1594 examine;
769 1527 798 1581 et
812 1527 969 1600 quatenus
983 1517 1091 1580 indue-

115 1599 217 1664 tiones
234 1601 324 1663 iaciat
348 1602 481 1684 alicujus
505 1607 669 1682 momenti,
687 1606 803 1670 debent
828 1607 907 1678 istae,
934 1614 1090 1689 qnantum

115 1688 183 1750 lieri
203 1697 315 1769 potest,
327 1690 503 1754 exhauriri.

565 1849 640 1897 XXVI

154 1959 337 2025 Proceditur
357 1962 430 2027 inde
452 1963 492 2027 ad
516 1965 777 2029 contestationem
807 1963 879 2028 iacti
914 1963 1084 2029 criminosi.

113 2059 144 2114 et
158 2050 398 2114 conclusionum
416 2051 606 2128 habitarum,
628 2053 666 2117 ad
686 2053 885 2117 retinendum
907 2059 1087 2116 accusatum

113 2139 322 2203 criminosum
336 2140 525 2224 lapsumque
540 2143 573 2205 in
589 2142 727 2206 relativis
747 2142 848 2224 peanis
876 2143 1046 2206 canonicis.

556 2319 642 2368 xtvu

152 2415 254 2492 Quum
271 2424 445 2494 accusatus,
461 2416 516 2482 tali
531 2417 636 2494 modo,
654 2418 767 2481 habeat
783 2417 910 2498 plenam
934 2417 1087 2498 cognitio-

112 2523 186 2569 nem
198 2504 264 2583 ejus
276 2506 360 2585 quod
368 2506 400 2569 in
416 2506 493 2570 artis
504 2514 756 2576 extatcontrase,
770 2505 851 2566 nitra
863 2503 946 2585 quod
960 2521 1087 2584 respon-

113 2594 189 2658 dere
202 2586 311 2677 possit,
333 2595 404 2676 jure
426 2613 459 2658 se
475 2593 665 2658 deiemiendi
690 2593 895 2676 asemetipso
921 2592 1016 2655 etiam
1043 2594 1086 2654 uti

112 2682 210 2746 vaiet.

555 2814 653 2864 urin

152 2931 255 2996 Potest
268 2949 406 3014 quoque,
428 2931 453 2996 si
467 2939 603 3015 expetat,
628 2931 771 2995 obtinere
795 2927 1011 3013 praefixionem
1028 2936 1088 2992 ter-

111 3019 191 3082 mini
220 3019 261 3084 ad
286 3019 497 3084 exhibendam
525 3019 743 3084 defensionem
769 3037 842 3084 oum
880 3019 1031 3082 memoria
1059 3021 1089 3080 in

110 3108 247 3191 seriptis,
265 3109 421 3189 praecipue
444 3107 572 3192 quando
590 3109 631 3173 ob
646 3107 885 3191 dispositionem
902 3115 959 3168 art.
982 3105 1088 3180 xxln,

110 3197 288 3280 nequiverit
302 3206 431 3281 paratus
455 3201 577 3262 essead
599 3215 750 3281 responsa
778 3213 836 3278 pro
868 3213 925 3259 aua
958 3213 1088 3260 excusa·
1174 3201 1180 3216 ·

111 3285 210 3352 tinae.

451 3402 458 3414 '
564 3427 640 3476 xxix

150 3546 283 3631 Explere
299 3562 456 3630 processu,
468 3551 609 3612 actorum
627 3544 810 3622 instructor,
820 3539 1000 3610 restrictum
1013 3519 1107 3606 eon?

110 3637 176 3703 fler
189 3637 412 3703 essentialium
427 3635 674 3702 conclusionum
690 3633 844 3718 ejusdem.
