2590 4208
207 201 247 263 'lb
483 207 636 254 rimamur
657 206 739 252 runis
759 203 908 252 canonici.

208 323 374 398 lnstituto;
389 315 564 398 etquidem
578 313 703 390 sufficit,
719 320 816 395 prout
829 318 951 376 constat
964 329 1004 374 ex
1019 316 1184 373 monaste-

210 412 265 474 riis
278 408 462 478 mulierum,
477 421 614 486 quarum
630 400 852 482 Superiorissae
862 407 1017 482 potestate
1030 399 1189 472 clavium,

208 517 265 560 seu
276 495 494 578 jrrrisdictione
508 491 635 573 proprie
652 489 753 565 dicta,
769 507 834 552 non
848 493 997 569 gaudent.

248 586 363 650 Omnes
376 591 481 646 autem
495 579 645 659 religiosi,
661 578 793 641 siverlri
808 579 873 641 sire
886 577 1023 650 feminae,
1032 575 1189 655 jurisdic-

211 673 288 738 tioni
304 671 426 736 Summi
441 668 600 732 Pontificis
615 665 844 747 subjiciuntur,
859 672 889 728 et
906 666 1003 728 etiam
1018 665 1183 744 Episcopi,

210 765 235 826 si
250 761 385 842 exempti
398 777 462 821 non
474 759 547 830 sint,
557 763 611 818 aut
624 763 788 838 exemptae.
799 754 929 818 -Cum
944 763 1066 832 autem,
1082 772 1186 816 erem·

212 852 319 933 ptione
332 847 505 929 supposita,
522 842 682 924 regulares
697 842 755 906 soli
771 841 909 905 subdant
919 843 1023 924 Papae,
1042 843 1100 922 qui
1117 843 1189 906 illos

211 939 297 1003 solus
312 937 489 1016 gubernare
506 934 610 1014 impar
625 939 687 1008 est,
714 949 841 992 necesse
865 937 921 1006 est,
948 939 1002 1007 ut,
1019 931 1052 991 in
1069 931 1186 1010 hujus-

212 1027 298 1091 modi
312 1024 493 1095 Ordinibus,
509 1030 650 1103 pastores
660 1019 884 1082 sintordinarii
897 1019 1014 1102 quibus
1024 1038 1105 1082 cura
1120 1021 1187 1082 aui·

212 1133 336 1178 marum
365 1111 531 1174 incumbat
555 1129 629 1172 curu
648 1109 868 1190 jurisdictione
893 1109 1023 1190 proprie
1045 1108 1130 1170 dieu
1158 1119 1189 1171 et

212 1203 301 1284 quasi
324 1199 506 1282 episcopali,
531 1199 628 1261 etiam
651 1215 711 1278 pro
738 1195 806 1260 loro
830 1197 1042 1259 contentiose.
1068 1197 1186 1277 Hujus·

212 1290 298 1354 modi
319 1297 393 1351 sunt
418 1288 576 1368 Praepositi
596 1285 779 1358 Generales,
805 1285 1034 1360 ProvincialeS,
1056 1285 1185 1350 locales.

212 1379 348 1441 Abbates
362 1394 488 1456 nempe,
508 1375 640 1448 Priores,
656 1373 827 1449 Guardini,
841 1374 897 1455 qui
913 1374 983 1436 ideo
998 1373 1125 1437 Praelati
1139 1395 1186 1437 re-

213 1467 338 1546 gulares
351 1473 514 1527 vocantur.

253 1555 303 1618 llli
318 1553 439 1617 Praelati
454 1552 499 1614 vel
519 1559 594 1614 sunt
608 1552 736 1631 infulati
749 1597 757 1628 ,
780 1570 874 1614 usum
890 1551 1009 1612 scilicet
1032 1546 1188 1615 babentes

215 1646 325 1719 mitrae,
342 1641 460 1715 baculi,
475 1649 724 1722 caeterorumque
737 1641 909 1719 insignium
925 1639 1163 1703 Pontificalium
1178 1663 1186 1716 ;

214 1735 262 1796 vel
278 1753 336 1794 non
352 1731 484 1810 infulati,
501 1728 533 1790 id
548 1738 594 1790 est
607 1729 742 1810 praelatis
759 1727 935 1808 insignibus
949 1736 1106 1791 carentes

252 1825 287 1882 ln
316 1817 616 1900 Congregaticnibus
643 1818 785 1880 virorum
814 1817 847 1878 in
874 1815 993 1898 quibus
1021 1827 1098 1880 vota
1125 1837 1187 1882 non

216 1912 401 1973 emittuntur
415 1907 569 1970 solemnia
583 1953 592 1981 ,
607 1924 742 1987 quaeque
756 1907 918 1985 Episcopis
941 1905 1037 1968 subdi
1063 1907 1187 1980 solent,

215 1997 389 2080 superiores
412 2013 476 2058 non
495 1995 612 2056 babent
627 1996 659 2055 in
678 1995 822 2057 subditos
839 1994 1095 2076 jurisdictionem
1114 2015 1188 2077 pro-

216 2090 282 2167 prie
296 2085 425 2159 dictam,
441 2083 495 2146 sed
510 2083 711 2146 solummodo
726 2083 967 2146 dominativam.

188 2211 190 2214 -
255 2174 342 2237 l0l6.
366 2173 491 2246 Quaerit.
509 2177 541 2234 l⁰
559 2171 723 2247 Quomodo
737 2171 950 2235 constituendi
966 2173 1030 2249 sint
1046 2173 1187 2249 Praelati,

217 2270 270 2325 aut
284 2262 338 2323 alii
353 2261 530 2340 superiores
545 2261 576 2321 ln
593 2261 734 2322 virorum
748 2259 930 2322 Institutis‘?

255 2351 344 2432 Resp.
361 2349 429 2412 Non
445 2349 682 2412 constituuntur
692 2367 748 2430 per
763 2349 997 2412 hereditariam
1012 2353 1187 2415 successio·

213 2457 298 2514 narn,
314 2457 372 2500 nee
387 2456 442 2519 per
457 2438 578 2499 Praelati
593 2437 773 2500 decedentis
787 2438 1050 2516 nominationem3
1068 2441 1125 2504 sed
1140 2442 1187 2504 rel

213 2547 270 2611 per
285 2527 534 2590 nominationem
554 2525 719 2589 aSummo
740 2526 890 2589 Pontifice
909 2525 1044 2604 laetam,
1066 2530 1119 2592 vel
1136 2551 1188 2614 per

213 2617 396 2678 canonicam
412 2615 610 2692 electionem.

252 2704 292 2766 Ut
305 2722 377 2766 vcro
392 2705 463 2785 quis
478 2704 580 2764 valide
595 2704 741 2782 eligatur,
765 2705 957 2786 requiritur:
975 2710 1009 2767 1⁰
1033 2717 1069 2768 ut
1091 2711 1190 2771 aetatis

212 2797 251 2858 sit
264 2799 302 2856 25
319 2812 494 2869 annorum3
510 2798 543 2855 2⁰
559 2801 595 2855 ut
608 2793 836 2875 professionem
847 2794 985 2857 emiserit
995 2815 1004 2870 ;
1022 2795 1056 2858 3ο
1074 2806 1192 2880 utpro

211 2883 303 2946 lessio
316 2883 356 2944 sit
369 2900 515 2962 expressa
528 2883 561 2944 in
578 2881 688 2944 eadem
702 2883 857 2962 religione
872 2902 880 2958 ;
895 2887 928 2943 lo
939 2891 974 2944 ut
988 2883 1128 2948 clericus
1141 2889 1191 2952 sit.

210 2973 234 3033 si
247 2971 501 3054 jurisdictionem
513 2971 626 3034 debeat
639 2971 757 3034 habere
772 2972 1028 3035 eeclesiasticam.

249 3061 369 3122 Electio
382 3067 486 3121 eutem
501 3061 541 3122 ad
562 3063 838 3141 congregationem
856 3062 993 3142 pertinet
1011 3081 1018 3123 :
1036 3071 1192 3127 electores

211 3167 285 3212 vero
310 3148 402 3210 abeo
421 3147 459 3209 ad
475 3167 571 3230 quem
588 3157 708 3230 spectat
723 3158 798 3211 sunt
812 3149 1010 3212 convocandi
1023 3173 1035 3229 3
1052 3151 1192 3215 debent·

209 3257 271 3318 que
293 3256 360 3299 esse
375 3237 505 3318 professi
526 3239 686 3318 religionis
705 3239 756 3299 cui
779 3237 818 3301 de
841 3238 972 3301 Praelato
987 3242 1180 3322 providetur

209 3325 320 3390 Sinon
337 3336 447 3408 agatur
467 3328 506 3389 de
523 3328 668 3390 lnstitutc
681 3326 848 3401 laicorum,
866 3325 1055 3390 subdiaconi
1073 3331 1190 3393 saltem

209 3433 275 3478 esse
289 3415 416 3492 debent,
433 3417 586 3498 nullaque
600 3433 734 3480 censura
749 3424 804 3478 aut
818 3417 972 3480 sententia
987 3435 1056 3480 esse
1073 3419 1115 3482 ad
1127 3421 1190 3482 eli-

208 3505 348 3586 gendum
361 3505 528 3568 inhabiles

248 3593 387 3654 Diximus
401 3611 496 3674 supra
512 3593 596 3674 (ΞΗ)
609 3611 673 3674 qua
688 3596 786 3656 lormn
801 3591 912 3655 electio
927 3598 967 3656 sit
987 3599 1182 3677 peragenda.

207 3681 362 3746 Electores
376 3690 482 3743 autem
498 3689 666 3762 praesentes
677 3699 744 3745 esse
758 3681 875 3746 debent
889 3683 1182 3768 incongregatione
1279 3749 1280 3762 ,
