2552 4204
458 273 543 316 uraca
565 274 697 319 ruurrus.
1009 267 1068 322 tou

90 373 151 430 slve
165 369 181 429 a
196 371 321 450 proprio
340 369 495 431 sacerdote
516 376 569 432 aut
587 369 782 432 confessario.
797 370 874 434 Illud
896 377 1013 436 constat
1032 391 1069 436 ex

89 473 155 539 cap.
170 456 286 540 Nuper,
309 457 353 520 De
369 467 443 520 seur.
468 479 623 536 excomm„
648 458 700 522 ubi
725 463 882 523 Innocent.
909 465 947 523 lll
971 461 1045 524 dicit
1060 480 1084 526 :‘

93 566 108 604 a
129 547 156 605 A
174 563 231 609 suo
246 547 417 627 Episcopo,
436 547 483 609 vel
502 549 519 609 a
539 548 662 628 proprio
684 549 838 610 sacerdote
856 551 963 630 poterit
981 551 1069 613 abso-

93 631 253 697 ulutionis
277 635 461 698 beneficium
487 636 635 699 obtinere.
665 636 808 710 Quamvis
835 640 918 699 enim
943 646 973 700 at
997 645 1070 702 tunc

94 744 108 782 ι
128 739 192 786 non
203 724 333 803 judicis,
347 725 400 787 sed
411 725 489 803 juris
503 726 690 790 sententia...
703 727 741 788 sit
755 726 874 806 ligatus,
887 728 958 808 quia
969 733 1069 790 tamen

94 832 110 871 u
128 811 275 875 Conditor
287 814 413 876 canonis
427 814 493 893 ejus
507 815 730 878 absolutionem
745 815 801 876 sibi
819 817 985 896 specialiter
1008 835 1069 878 non

94 901 275 976 «retinuit,
303 921 341 966 eo
365 905 431 986 ipso
454 905 640 968 concessisse
666 904 784 966 videtur
808 903 978 967 facultatem
1005 905 1072 966 aliis

95 990 331 1054 «relaxandis
404 1057 406 1061 s

114 1079 219 1152 ‚Quod
234 1081 383 1144 absolutio
397 1081 489 1164 possit
503 1081 567 1144 dari
581 1084 598 1145 a
613 1083 743 1164 simplici
753 1081 937 1144 confessario
948 1081 1074 1163 quando
1134 1160 1138 1167 ἱ

91 1187 153 1232 non
183 1176 230 1231 est
257 1177 432 1248 reservata,
466 1175 497 1234 S.
530 1171 690 1253 Liguorius
721 1169 856 1234 extendit
881 1170 918 1231 ad
944 1189 1070 1252 suspen-

91 1259 210 1321 sionem
234 1264 264 1320 et
287 1258 479 1322 interdictum
511 1261 669 1341 personale
693 1278 755 1322 non
783 1267 989 1333 reservatum,
1016 1259 1072 1322 etsi

90 1345 243 1409 absolutio
268 1346 402 1427 ipsarum
426 1366 487 1409 non
514 1349 552 1410 sit
572 1350 739 1412 necessaria
754 1348 791 1410 ad
806 1349 1010 1428 receptionem
1024 1365 1069 1409 sa·

90 1442 341 1515 crementorum,
364 1437 401 1499 eb
422 1436 505 1518 qubd
527 1437 682 1500 concessio
701 1435 869 1498 favorabilis
882 1437 990 1498 rneriro
1006 1453 1070 1498 am-

91 1524 215 1605 plietur.

128 1616 178 1674 An
191 1620 295 1675 aulem
310 1613 436 1694 simplex
449 1614 589 1678 sacerdos
603 1633 666 1677 non
678 1613 861 1695 approbatus
881 1632 936 1694 pro
950 1615 1072 1676 confes-

89 1703 177 1764 sione
192 1704 288 1782 possit
308 1701 489 1765 absolverea
504 1704 640 1766 censuris
652 1721 714 1763 non
729 1703 899 1774 reservatis,
916 1721 983 1783 quae
1002 1709 1071 1764 sunl

88 1794 105 1854 a
116 1793 201 1872 jure,
214 1789 361 1874 quidquid
374 1791 475 1854 dicant
490 1793 663 1854 Salmantic.
680 1799 708 1852 el
722 1791 771 1852 alii
783 1791 933 1864 nonnulli,
946 1792 1073 1854 omnino
1106 1847 1108 1851 ,

89 1880 268 1962 negandum
282 1888 348 1956 est,
369 1882 439 1942 cirm
462 1900 500 1942 ex
522 1881 603 1942 dicto
626 1879 757 1960 capitulo
781 1879 899 1959 Nuper,
923 1880 1071 1942 absolutio

88 1975 133 2032 est
147 1968 252 2030 danda
266 1968 411 2030 duntaxat
430 1970 448 2028 d
463 1969 588 2051 proprio
603 1967 777 2046 sacerdote,
793 1969 891 2049 qualis
906 1970 1010 2051 nequit
1024 1971 1070 2031 in·

90 2057 189 2137 telligi
204 2057 332 2138 simplex
346 2057 496 2120 sacerdos.
562 2064 564 2068 ’

128 2149 166 2208 2⁰
189 2147 221 2207 Si
241 2164 377 2208 censurae
397 2146 457 2207 sint
474 2146 512 2209 ab
532 2145 661 2208 homine
678 2151 709 2208 et
729 2146 863 2208 ferantur
877 2167 931 2228 per
945 2147 1069 2210 modum

87 2235 241 2297 sententie
259 2235 460 2316 particularis
479 2242 583 2297 contra
601 2235 814 2296 determinatas
832 2255 993 2316 personas,
1014 2237 1069 2297 ab·

88 2324 166 2386 solvi
181 2329 341 2404 nequeunt
353 2324 408 2384 nisi
421 2324 459 2384 ab
473 2325 602 2405 ipsomet
616 2323 750 2398 ferente,
771 2325 817 2385 vel
837 2324 875 2384 ab
895 2327 959 2403 eJ'us
976 2327 1070 2404 Supe-

89 2415 172 2475 riore
185 2457 195 2488 ,
208 2418 261 2473 aut
275 2413 453 2474 Successore
468 2420 519 2474 aul
530 2413 667 2492 delegato
684 2431 692 2474 ι
708 2413 834 2493 proinde
856 2430 916 2472 nou
931 2417 946 2473 a
963 2416 1071 2476 lllelro·

90 2501 230 2580 politano
243 2499 299 2560 nisi
312 2501 343 2560 in
358 2519 428 2562 casu
440 2501 659 2582 appellationis,
670 2507 793 2582 propter
807 2517 896 2580 quem
911 2501 1071 2580 requiritur

91 2594 124 2651 ut
138 2607 271 2652 censura
290 2588 379 2650 fuerit
391 2589 516 2670 injusta,
529 2589 575 2651 vel
588 2589 698 2672 injuste
712 2589 861 2651 absolutio
876 2589 912 2650 sit
925 2589 1071 2671 denegata

90 2678 129 2739 ab
143 2676 316 2740 Ordinario.
331 2677 405 2739 Vide
420 2696 487 2758 cap.
502 2677 552 2739 Ad
563 2675 782 2759 reprimendum
794 2681 833 2755 8,
849 2677 893 2740 De
911 2679 991 2760 offic.
998 2679 1068 2761 jud.

90 2764 195 2828 ordin.
211 2768 264 2827 Est
276 2771 393 2828 certum
407 2773 436 2828 et
449 2784 624 2830 commune.

130 2857 162 2919 Si
188 2854 259 2917 verd
282 2873 418 2918 censurae
441 2856 479 2918 ab
502 2855 624 2918 bomine
652 2853 787 2916 serantur
812 2872 865 2934 per
890 2856 1071 2919 sententiam

91 2943 267 3026 generalem
287 2949 318 3006 ct
338 2963 400 3006 non
420 2945 480 3006 sint
502 2949 679 3021 reservatae,
695 2942 808 3005 absolvi
823 2951 950 3022 possunt
963 2944 980 3004 a
993 2961 1069 3024 quo·

91 3051 228 3115 cumque
243 3052 251 3094 ε
266 3033 337 3114 quia
350 3032 525 3111 hujusmodi
546 3051 684 3096 censurae
697 3031 924 3113 aequiparantur
935 3033 1073 3096 censuris

92 3123 159 3186 latis
173 3123 284 3202 aiore,
300 3128 329 3183 et
342 3120 465 3184 aliunde
479 3120 595 3184 favores
609 3127 679 3184 sunt
693 3120 858 3202 ampliandi
873 3139 880 3180 :
897 3120 955 3181 boc
969 3127 1068 3184 tamen

93 3211 350 3289 controvertitur,
372 3209 426 3272 sed
448 3216 481 3272 ut
503 3209 687 3290 probabilius
705 3208 833 3271 habetur
848 3209 866 3270 d
880 3209 913 3270 S.
932 3208 1067 3289 Lignor,

93 3300 146 3364 lib.
164 3303 196 3374 'l,
212 3311 247 3362 n·
260 3302 310 3362 73.

71 3381 82 3452 ἰ
132 3393 167 3452 3⁰
187 3389 315 3462 Quando
329 3403 466 3450 censurae
480 3387 548 3449 latae
561 3387 580 3448 a
594 3388 662 3466 jure
676 3389 748 3448 sunt
758 3391 914 3448 reservatae
926 3435 934 3460 ,
948 3386 1069 3468 regula·

90 3480 167 3544 riter
180 3478 293 3540 absolvi
308 3482 465 3558 nequeunt
475 3476 531 3537 nisi
542 3476 560 3536 a
572 3475 603 3536 S.
618 3474 761 3536 Pontifice
774 3480 826 3536 aut
838 3474 905 3556 ejus
918 3467 1068 3550 delegato

72 3569 137 3632 ,De
158 3567 196 3630 iis
215 3565 326 3629 dicitur
338 3565 370 3628 in
386 3567 477 3628 Cone.
492 3563 626 3626 Trident.
643 3561 729 3644 (sess.
745 3566 802 3638 at,
817 3581 845 3624 c.
861 3563 894 3642 6)
912 3582 920 3624 :
940 3565 1072 3626 «Liceat

71 3665 78 3736 ς
96 3679 112 3717 ι
131 3655 332 3738 Episcopisin
342 3653 609 3735 irregularitatibus
618 3651 761 3714 omnibus
768 3657 798 3712 et
805 3650 1066 3732 suspensionibus,

96 3767 113 3805 ι
131 3763 171 3809 ax
183 3744 296 3807 delicto
309 3742 428 3805 occulto
442 3739 700 3824 provenientibus,
710 3742 836 3821 excepta
846 3742 881 3800 ca
893 3756 961 3816 quae
975 3738 1071 3799 oritur
