2552 4204
203 271 259 327 730
468 281 624 326 ruuururs
645 279 727 326 rurus
747 277 895 326 usuourcl.

236 395 380 478 Religiosi
396 393 468 456 verb
482 394 639 474 utriusque
650 395 749 468 sexbs,
766 395 818 473 qui
832 392 944 454 violant
959 390 1173 466 interdictum,
1264 389 1265 440 l

197 476 1174 564 excommunicanturipsoleclo.Servatavidelur.(G.Ap.Sed.)
1264 507 1265 510 ¹

242 569 324 630 Larci
334 574 435 632 autern
451 570 581 649 graviter
592 574 719 650 peceant
731 570 776 648 si,
792 571 1007 640 nonobstante
1021 577 1187 648 interdicto

206 655 371 735 personali,
391 655 538 736 recipiant
553 664 765 730 sacramenta;
791 656 906 726 sivero
929 667 1048 730 lantbm
1072 669 1189 735 violent

206 740 397 806 interdictum
416 743 529 823 locale,
544 745 708 822 audiendo,
723 766 752 810 v.
771 768 817 830 g,
831 749 932 814 divina
952 755 1067 835 obicis,
1079 759 1185 840 proba·

208 829 295 892 bilibs
311 838 358 894 est
373 832 455 913 ipsos
471 851 597 914 peecare
611 836 731 897 tantbm
747 838 921 917 venialiter,
941 842 1116 910 dummodo
1130 849 1187 932 ipsi

207 920 403 999 personaliter
418 938 481 983 non
493 921 552 983 sint
566 923 727 986 interdicti.

245 1011 314 1072 860.
339 1009 461 1082 Quaerit.
477 1012 508 1072 l⁰
523 1011 651 1082 Quinam
665 1013 781 1095 possint
792 1015 1107 1090 interdictum'ferrei

217 1137 223 1147 .,
244 1097 472 1178 RespEosdem
483 1115 572 1180 posse
581 1102 635 1182 qui
649 1108 774 1165 caeteras
787 1121 931 1169 censuras
945 1109 1058 1176 inferre
1070 1117 1186 1180 velent.

246 1187 284 1249 Ut
303 1193 405 1249 autem
424 1186 623 1252 determinata
645 1209 772 1272 persona
793 1194 1000 1275 interdicetur,
1020 1206 1189 1286 requiritur

206 1274 295 1356 culpa
315 1275 450 1338 mortalis
469 1278 606 1356 ejusdem
627 1299 777 1360 personae,
806 1283 864 1345 nisi
890 1285 1089 1354 interdictum
1110 1303 1189 1359 esset

206 1361 250 1510 Ἣ.
257 1363 348 1426 breve
362 1370 503 1444 tempus,
519 1365 551 1429 in
564 1368 670 1432 ordine
684 1370 722 1432 ed
736 1389 835 1434 unum
848 1375 967 1438 tantum
989 1387 1042 1443 aul
1056 1382 1188 1448 alterurn

206 1458 359 1516 eentum.

245 1542 283 1604 Ut
298 1548 400 1606 eutem
410 1541 524 1608 feratur
534 1544 725 1609 interdictum
740 1546 834 1612 locale
844 1551 888 1613 vel
900 1555 1042 1634 generale
1056 1559 1089 1620 in
1100 1580 1187 1624 com·

207 1631 386 1698 munitatem
407 1635 572 1716 requiritur
587 1643 745 1716 peecatum
759 1638 845 1701 valde
862 1661 966 1720 grave,
984 1661 1056 1708 cum
1071 1658 1187 1716 contu-

207 1718 303 1780 nracia
320 1720 550 1785 commissumd
578 1725 674 1805 capite
694 1725 740 1787 vel
762 1728 922 1810 praecipuis
941 1736 1100 1813 membris,
1117 1740 1186 1804 licet

206 1807 315 1888 reliqui
331 1811 420 1891 culpa
434 1817 551 1874 vacent.

157 1919 160 1924 ’
247 1897 443 1961 Interdictum
458 1917 531 1981 ergo
545 1903 685 1982 generale
706 1921 769 1967 non
787 1913 889 1986 posset
907 1908 1010 1974 inferri
1033 1933 1091 1996 pro
1103 1919 1186 1982 obti-

207 1985 306 2046 nendi
327 1987 452 2067 alicuius
484 1990 575 2052 debiti
603 1989 708 2072 privati
731 1995 880 2058 solutione
904 2001 1033 2079 (Extrav.
1053 2024 1185 2088 comni,

205 2091 273 2154 cap.
290 2075 416 2137 Providi
427 2081 455 2146 Ξ),
471 2077 515 2140 De
527 2089 601 2143 sent.
618 2083 786 2165 cocorum).
851 2139 853 2142 ,

245 2165 313 2224 861.
347 2161 466 2234 Quaerit.
494 2171 525 2230 2⁰
552 2170 697 2241 Quaenam
733 2171 890 2236 interdicta
918 2177 984 2258 ipso
1015 2177 1097 2243 fecto
1114 2183 1183 2263 J'ure

206 2254 360 2314 communi
372 2253 590 2318 incurrantur?

245 2334 334 2414 Resp.
358 2337 389 2396 l⁰
416 2331 610 2396 lntcrdictum
633 2327 792 2411 personale
811 2327 977 2390 incurritur
998 2333 1037 2388 ub
1064 2324 1102 2387 iis
1123 2323 1177 2406 qui

205 2420 357 2484 celebrant
371 2423 403 2484 in
416 2423 483 2486 loco
497 2438 551 2498 per
565 2419 744 2481 sententiam
759 2415 919 2479 interdicto
926 2435 936 2491 3
955 2417 988 2476 2⁰
1009 2413 1063 2492 qui
1079 2413 1177 2476 scien·

204 2514 251 2570 ter
269 2509 430 2572 admittunt
447 2511 485 2572 ad
505 2507 614 2585 otlicie,
638 2512 824 2571 sacramenta
842 2504 887 2566 vel
902 2503 1092 2584 sepulturam
1118 2521 1176 2564 no·

204 2599 658 2674 urinatimexcommunicatos,
674 2601 726 2658 eut
746 2592 929 2667 interdictos,
952 2591 1176 2655 interdicuntur

204 2687 243 2746 ab
257 2687 396 2767 ingressu
412 2688 556 2750 ecclesiae.
572 2690 614 2750 lla
628 2687 718 2749 etium
734 2685 767 2746 (l.
788 2686 847 2765 Ap.
863 2679 931 2746 Sed.

244 2779 277 2840 3⁰
297 2777 319 2838 li
334 2775 387 2858 qui
401 2795 463 2840 nou
478 2776 631 2860 praernisst
645 2775 811 2836 monitione
820 2777 850 2834 et
864 2771 929 2833 sine
943 2771 1056 2852 scripto
1067 2769 1175 2834 decer·

206 2871 284 2927 nunt
297 2883 452 2944 censuras,
468 2867 526 2930 nisi
541 2867 601 2928 sint
616 2863 768 2943 Episcopi,
785 2860 1005 2922 interdicuntur
1019 2878 1075 2938 per
1092 2878 1175 2922 men.

204 2953 461 3036 semabingressu
473 2953 695 3034 ecclesiae(cup.
709 2948 990 3023 Son·ol8,l>erent.
999 2948 1172 3031 excomm.);

204 3047 238 3105 p
251 3044 415 3108 incurritur
428 3043 623 3106 interdictum
638 3041 675 3102 ab
687 3041 844 3122 Episcopis
857 3035 1047 3117 exigentibus
1059 3037 1172 3119 aliquid

204 3151 266 3196 non
280 3131 416 3195 debiturn
430 3131 461 3193 in
475 3130 711 3206 visitationibus,
732 3147 790 3190 nec
803 3125 1028 3190 restituentibus
1042 3124 1172 3206 duplum

204 3221 282 3284 inira
294 3239 431 3284 mensem
440 3219 520 3303 (cap.
536 3221 661 3302 Eripit,
671 3215 922 3297 Deccns.,in6⁰);
933 3215 964 3275 5ο
977 3213 1049 3274 item
1061 3215 1079 3276 d
1091 3217 1169 3299 Capi·

204 3311 268 3374 tulo
281 3311 363 3372 danti
373 3309 676 3374 litteresdimissorias
690 3303 883 3368 anteannun'r
898 3301 1078 3366 evocatione
1086 3305 1173 3367 Sedis

203 3391 1170 3483 (Tr.,sess.'t,c.10,Deres.).Suppr.suntint.3⁰ett⁰(C.A.S.)

210 3495 219 3504 ”
243 3490 331 3555 Nulla
349 3488 439 3554 bodie
461 3490 626 3554 subsistunt
646 3487 806 3551 interdicte
830 3485 933 3549 localia
955 3485 972 3546 b
993 3481 1076 3565 jure,
1099 3482 1170 3564 quin

204 3599 362 3664 uunquam
376 3585 446 3644 sunt
460 3580 655 3658 observanda,
677 3580 734 3640 nisi
753 3579 835 3658 pribs
854 3573 1029 3637 denuntiate
1044 3570 1167 3636 luerint.

242 3675 312 3738 862.
335 3669 457 3746 Quaerit.
480 3674 512 3734 3⁰
527 3670 684 3742 Quomodo
696 3675 791 3733 cesset
808 3665 999 3728 interdictum
1013 3661 1029 3724 'l

243 3764 333 3844 ltesp.
358 3761 550 3824 interdictum
565 3760 703 3840 generale
720 3763 816 3821 cessat
831 3754 930 3836 quoad
951 3770 1071 3828 omnes,
1093 3757 1117 3820 si
1134 3759 1169 3818 sit
