2552 4204
455 215 543 259 mana
565 196 702 260 marrus,
1002 197 1060 260 tro

91 307 136 370 det
148 312 311 393 temporale
326 331 397 376 cum
412 313 515 374 animo
534 311 686 392 obligandi
702 312 740 373 nd
755 311 945 375 reddendum
967 314 1057 395 spiri-

91 397 178 469 tuale,
194 407 245 462 aut
258 403 275 464 e
288 420 449 479 converso,
465 401 517 462 sed
532 400 646 480 absque
661 400 724 462 ullo
737 407 824 482 pacto
838 419 846 462 ε
862 407 907 463 est
921 401 966 463 vol
982 403 1058 483 pure

91 488 217 550 mentalis
230 510 298 568 quae
311 491 394 552 nullo
407 489 499 552 modo
510 490 611 551 intluit
624 490 656 550 in
670 495 755 551 actus
769 496 925 567 externos3
940 492 985 552 vel
1001 510 1058 552 non

89 577 306 655 pertinentem
319 599 388 661 quae
402 579 471 642 licet
485 579 590 640 influat
605 579 637 638 in
650 585 735 641 actus
752 589 893 642 externos
904 625 913 653 ,
926 586 1057 642 attamen

91 664 158 726 nihil
172 667 294 730 deducit
307 668 337 729 in
353 675 492 748 pactum,
509 668 598 729 etiam
613 667 748 728 tacitum.

123 757 153 815 2·
175 755 427 830 Conuentionalis,
452 759 523 819 cbm
544 757 628 818 adest
651 764 793 837 pactum,
819 755 873 817 sed
888 756 1059 820 nondumt

90 844 326 908 contrahentibus
340 852 515 914 executum.
533 845 563 906 Si
588 851 690 907 tamen
713 844 752 906 ab
774 846 836 906 unt
854 849 938 924 parte
952 863 1058 910 execu·

91 929 155 994 tioni
171 935 366 998 mandaretur
378 935 507 997 simonia
520 941 678 997 uocaretur
693 941 766 995 tunc
779 934 886 995 mictu.

123 1021 207 1083 Nulla
222 1024 254 1085 in
277 1025 345 1102 jure
365 1025 513 1086 canonico
529 1025 609 1086 claro
632 1041 773 1104 expressa
799 1023 948 1104 reperitur
969 1041 1058 1105 poena

90 1107 223 1173 adversus
238 1113 419 1190 simoniam,
443 1113 504 1175 sive
518 1112 683 1175 mentalem
706 1111 766 1174 sive
782 1113 858 1192 puro
879 1113 1056 1175 conventio-

92 1197 181 1260 nalcm
195 1201 257 1263 sive
272 1201 408 1265 mixtam.

123 1289 153 1348 3·
173 1289 291 1363 Remis,
307 1291 378 1353 clun
396 1296 517 1370 pactum
531 1290 595 1372 jem
618 1297 664 1352 est
687 1290 846 1371 impletum
870 1310 907 1353 cx
929 1292 1056 1372 utroque

90 1382 163 1452 perte
177 1379 284 1440 saltem
296 1378 483 1455 inchoativo,
499 1399 571 1441 cum
585 1380 717 1454 scilicet,
732 1379 801 1440 dato
815 1399 847 1442 re
861 1380 1008 1460 spirituali
1017 1379 1055 1443 ab

89 1481 157 1540 unc,
173 1467 211 1528 ab
222 1467 317 1528 altero
332 1467 454 1530 solvitur
464 1487 533 1548 pars
543 1469 648 1530 saltem
662 1469 749 1548 pretii
763 1471 914 1532 conventi.

121 1558 151 1615 4⁰
174 1554 420 1638 Confidentr‘ulis,
447 1557 571 1637 quando
598 1557 790 1638 resignantur
814 1557 962 1618 beneficia
984 1577 1054 1621 cunr

88 1643 252 1708 conditione
266 1647 405 1722 accessos,
422 1649 582 1726 repressos,
605 1646 650 1706 vel
675 1646 819 1730 inpressos
845 1645 882 1706 ad
908 1646 986 1726 ipse,
1009 1648 1055 1710 vol

87 1747 152 1793 cum
165 1735 350 1796 confidentia
363 1735 526 1814 recipiendi
541 1733 654 1795 fructus
669 1752 705 1795 cx
721 1733 869 1795 beneficio
884 1734 1053 1813 resignato:

88 1821 108 1880 si
123 1822 202 1886 enim
223 1823 407 1886 confidentia
423 1831 500 1886 esset
515 1823 553 1884 de
571 1823 629 1884 atta
643 1841 675 1883 re
690 1823 847 1904 temporali
862 1815 1054 1904 recipiebda‚

87 1919 157 1974 osset
171 1913 295 1996 quidem
311 1913 460 1987 simonia,
477 1912 530 1974 sed
545 1931 606 1972 non
621 1911 853 1974 consulentialis.

120 2001 278 2065 litantem
292 2003 475 2064 confidentia
490 2021 544 2084 per
564 2021 704 2063 accessum
720 2005 791 2065 cum
810 2003 879 2084 quis
901 2003 1054 2066 renuntiat

86 2085 261 2154 beneficium
276 2092 377 2164 elteri,
403 2099 491 2172 pacto
512 2099 545 2155 ut
567 2093 615 2153 ille
641 2091 751 2154 deinde
770 2098 905 2173 resignet
927 2099 956 2154 et
970 2094 1053 2157 alteri

85 2180 260 2244 conseratur.
276 2183 324 2242 Fit
337 2201 391 2262 per
405 2203 584 2264 repressum,
602 2183 672 2244 oum
688 2182 755 2264 quis
777 2179 832 2242 sibi
856 2193 985 2244 reservat
1003 2185 1055 2263 jus

85 2269 285 2332 reassumendi
298 2270 407 2333 iterum
421 2271 604 2334 beneficium
620 2273 650 2332 in
666 2273 768 2354 aliquo
781 2290 862 2333 casu.
876 2273 1052 2335 Fittandem

84 2372 133 2436 per·
153 2360 331 2441 inpressum,
348 2361 372 2422 si
388 2361 523 2441 resignes
538 2361 721 2423 beneficium
742 2361 795 2422 tibi
817 2361 982 2437 collatum,
1000 2362 1051 2424 sed

85 2447 214 2510 nondum
237 2467 431 2530 possessum,
458 2469 528 2510 cum
550 2459 637 2531 pacto
665 2449 804 2530 capiendi
830 2448 1051 2528 possessionem

84 2532 156 2597 illius
167 2537 198 2598 in
213 2537 317 2617 aliquo
330 2555 402 2599 casu
417 2545 468 2600 aut
481 2545 629 2619 tempore.

117 2626 228 2688 lterum
243 2625 388 2701 simonia,
408 2627 464 2688 aliu
481 2636 523 2688 est
536 2629 614 2704 juris
626 2627 769 2688 naturalis
784 2627 815 2686 iu
831 2628 890 2706 qut
905 2626 1053 2706 accipitur

84 2716 243 2794 temporale
256 2733 310 2794 pro
326 2716 421 2796 pretio
436 2718 478 2777 rei
501 2715 679 2794 spiritualis;
695 2716 751 2775 alia
768 2717 844 2792 juris
859 2699 1052 2778 'ecclesiastici

83 2819 145 2880 quae
158 2803 196 2864 ab
210 2803 345 2866 Eccleslo
368 2805 545 2884 prohibetur
564 2804 603 2864 ob
622 2806 830 2882 apparentiam
851 2822 943 2882 quum
964 2803 1053 2866 habet

82 2888 227 2970 simonia,
245 2891 290 2954 vel
311 2894 481 2974 periculum
504 2892 586 2975 quod
601 2892 712 2971 ingerit
726 2891 763 2952 nd
778 2891 938 2952 simoniam
951 2910 959 2952 ι
974 2909 1003 2954 r.
1020 2913 1050 2976 g.

82 2981 198 3062 quando
212 2980 351 3062 prohibet
362 2982 589 3044 confidentiam.

116 3073 183 3134 877.
207 3071 344 3132 Simouie
358 3080 402 3132 est
416 3091 513 3134 unum
530 3091 566 3132 ex
583 3071 721 3132 maximis
741 3070 931 3145 criminibus,
942 3076 972 3131 et
986 3069 1050 3132 hae-

82 3159 133 3222 resi
147 3159 286 3241 proxima
310 3158 437 3222 habetur
451 3163 469 3220 a
483 3160 575 3220 sacris
589 3161 771 3233 canonibus,
790 3163 842 3238 qui
858 3177 925 3218 eam
945 3165 1052 3222 vocant

82 3247 267 3311 simoniacum
282 3247 426 3310 baeresim.
452 3271 467 3308 ι
481 3250 589 3310 Omnia
604 3249 686 3310 enim
709 3247 854 3321 crimina,
870 3247 968 3328 inquit
982 3267 1049 3330 cup.

84 3337 199 3401 «Patet
216 3341 272 3415 27,
288 3356 377 3400 causa
398 3343 432 3412 l,
456 3358 486 3419 q.
503 3343 534 3414 7,
558 3340 594 3399 all
611 3337 866 3418 comparationem
882 3337 1050 3402 simoniacae

84 3447 97 3486 r
116 3426 331 3509 loeresisquasi
347 3428 510 3508 pronihilo
527 3435 714 3508 reputantur.
731 3447 747 3485 n
765 3458 804 3472 -
822 3447 837 3484 s
852 3425 984 3488 Pecunia
999 3434 1050 3491 tua

84 3525 215 3581 «tecum
230 3517 266 3579 sit
279 3517 310 3578 in
327 3518 541 3598 perditionem,
561 3518 707 3599 quoniam
730 3516 845 3579 donum
870 3517 924 3577 Dei
947 3518 1049 3578 existi-

84 3608 201 3670 «masti
219 3607 348 3687 pecunie
370 3608 545 3688 possideri»
565 3606 645 3687 (Act.
665 3616 781 3688 Apost,
801 3625 868 3688 cap.
892 3611 922 3681 8,
937 3625 967 3668 v.
986 3609 1047 3684 20).

80 3694 254 3815 Gommpng's
267 3703 368 3756 autem
383 3703 427 3756 est
438 3697 599 3763 sententia,
616 3715 686 3758 casu
702 3715 763 3764 uuo
777 3695 906 3758 simonia
916 3694 1051 3825 gestiunt

202 3799 209 3812 ·
234 3787 251 3825 ll
