<?xml version="1.0" encoding="UTF-8"?>
<!DOCTYPE html PUBLIC "-//W3C//DTD XHTML 1.0 Transitional//EN"
    "http://www.w3.org/TR/xhtml1/DTD/xhtml1-transitional.dtd">
<html xmlns="http://www.w3.org/1999/xhtml" xml:lang="en" lang="en">
 <head>
  <title>
</title>
<meta http-equiv="Content-Type" content="text/html;charset=utf-8" />
  <meta name='ocr-system' content='tesseract 3.04.00' />
  <meta name='ocr-capabilities' content='ocr_page ocr_carea ocr_par ocr_line ocrx_word'/>
</head>
<body>
  <div class='ocr_page' id='page_1' title='image "./elementajurisca00craigoog_0319.png"; bbox 0 0 2590 4208; ppageno 0'>
   <div class='ocr_carea' id='block_1_1' title="bbox 225 239 917 298">
    <p class='ocr_par' dir='ltr' id='par_1_1' title="bbox 225 239 917 298">
     <span class='ocr_line' id='line_1_1' title="bbox 225 239 917 298; baseline -0.007 -3"><span class='ocrx_word' id='word_1_1' title='bbox 225 239 263 297; x_wconf 75' lang='lat'>18</span> <span class='ocrx_word' id='word_1_2' title='bbox 495 248 649 298; x_wconf 82' lang='lat' dir='ltr'>unuunxrx</span> <span class='ocrx_word' id='word_1_3' title='bbox 670 247 751 294; x_wconf 85' lang='lat' dir='ltr'>ruurs</span> <span class='ocrx_word' id='word_1_4' title='bbox 771 244 917 296; x_wconf 80' lang='lat' dir='ltr'>cruuntur.</span> 
     </span>
    </p>
   </div>
   <div class='ocr_carea' id='block_1_2' title="bbox 213 355 1278 3282">
    <p class='ocr_par' dir='ltr' id='par_1_2' title="bbox 215 355 1278 701">
     <span class='ocr_line' id='line_1_2' title="bbox 220 355 1187 442; baseline 0.003 -22"><span class='ocrx_word' id='word_1_5' title='bbox 220 360 366 442; x_wconf 90' lang='lat' dir='ltr'>princeps</span> <span class='ocrx_word' id='word_1_6' title='bbox 379 360 438 422; x_wconf 88' lang='lat' dir='ltr'>sita</span> <span class='ocrx_word' id='word_1_7' title='bbox 450 368 507 436; x_wconf 87' lang='lat' dir='ltr'>est,</span> <span class='ocrx_word' id='word_1_8' title='bbox 522 368 557 422; x_wconf 93' lang='lat' dir='ltr'>ut</span> <span class='ocrx_word' id='word_1_9' title='bbox 571 358 683 422; x_wconf 84' lang='lat' dir='ltr'>referat</span> <span class='ocrx_word' id='word_1_10' title='bbox 694 357 734 420; x_wconf 88' lang='lat' dir='ltr'>de</span> <span class='ocrx_word' id='word_1_11' title='bbox 748 357 812 420; x_wconf 87' lang='lat' dir='ltr'>line</span> <span class='ocrx_word' id='word_1_12' title='bbox 824 375 880 419; x_wconf 89' lang='lat' dir='ltr'>seu</span> <span class='ocrx_word' id='word_1_13' title='bbox 893 373 1000 438; x_wconf 82' lang='lat' dir='ltr'>scopo,</span> <span class='ocrx_word' id='word_1_14' title='bbox 1016 355 1057 420; x_wconf 88' lang='lat' dir='ltr'>dc</span> <span class='ocrx_word' id='word_1_15' title='bbox 1071 355 1187 422; x_wconf 73' lang='lat' dir='ltr'>sundr—</span> 
     </span>
     <span class='ocr_line' id='line_1_3' title="bbox 218 444 1278 524; baseline 0.003 -17"><span class='ocrx_word' id='word_1_16' title='bbox 218 447 314 524; x_wconf 86' lang='lat' dir='ltr'>tione,</span> <span class='ocrx_word' id='word_1_17' title='bbox 333 447 372 510; x_wconf 90' lang='lat' dir='ltr'>de</span> <span class='ocrx_word' id='word_1_18' title='bbox 387 467 520 510; x_wconf 87' lang='lat' dir='ltr'>numero</span> <span class='ocrx_word' id='word_1_19' title='bbox 534 448 721 522; x_wconf 87' lang='lat' dir='ltr'>domorum,</span> <span class='ocrx_word' id='word_1_20' title='bbox 745 446 879 508; x_wconf 81' lang='lat' dir='ltr'>fratrum</span> <span class='ocrx_word' id='word_1_21' title='bbox 902 444 953 506; x_wconf 84' lang='lat' dir='ltr'>vel</span> <span class='ocrx_word' id='word_1_22' title='bbox 971 463 1129 520; x_wconf 88' lang='lat' dir='ltr'>sororum,</span> <span class='ocrx_word' id='word_1_23' title='bbox 1150 449 1186 510; x_wconf 83' lang='lat' dir='ltr'>de</span> <span class='ocrx_word' id='word_1_24' title='bbox 1277 449 1278 452; x_wconf 72' lang='grc'>’</span> 
     </span>
     <span class='ocr_line' id='line_1_4' title="bbox 215 535 1278 618; baseline 0.003 -22"><span class='ocrx_word' id='word_1_25' title='bbox 215 535 319 597; x_wconf 91' lang='lat' dir='ltr'>medio</span> <span class='ocrx_word' id='word_1_26' title='bbox 334 537 592 613; x_wconf 78' lang='lat' dir='ltr'>sustentationis,</span> <span class='ocrx_word' id='word_1_27' title='bbox 608 536 710 618; x_wconf 85' lang='lat' dir='ltr'>deque</span> <span class='ocrx_word' id='word_1_28' title='bbox 726 535 877 608; x_wconf 90' lang='lat' dir='ltr'>utilitate,</span> <span class='ocrx_word' id='word_1_29' title='bbox 894 551 1080 615; x_wconf 83' lang='lat' dir='ltr'>progressu,</span> <span class='ocrx_word' id='word_1_30' title='bbox 1099 537 1184 599; x_wconf 88' lang='lat' dir='ltr'>aliis·</span> <span class='ocrx_word' id='word_1_31' title='bbox 1277 539 1278 544; x_wconf 75' lang='grc'>’</span> 
     </span>
     <span class='ocr_line' id='line_1_5' title="bbox 215 623 458 701; baseline 0.008 -15"><span class='ocrx_word' id='word_1_32' title='bbox 215 641 277 701; x_wconf 85' lang='lat' dir='ltr'>que</span> <span class='ocrx_word' id='word_1_33' title='bbox 292 623 458 689; x_wconf 89' lang='lat' dir='ltr'>similibus.</span> 
     </span>
    </p>

    <p class='ocr_par' dir='ltr' id='par_1_3' title="bbox 214 709 1278 1150">
     <span class='ocr_line' id='line_1_6' title="bbox 259 709 1184 786; baseline 0.004 -14"><span class='ocrx_word' id='word_1_34' title='bbox 259 735 274 772; x_wconf 81' lang='lat' dir='ltr'>x</span> <span class='ocrx_word' id='word_1_35' title='bbox 295 711 326 775; x_wconf 81' lang='lat' dir='ltr'>st</span> <span class='ocrx_word' id='word_1_36' title='bbox 342 713 523 776; x_wconf 84' lang='lat' dir='ltr'>institutum</span> <span class='ocrx_word' id='word_1_37' title='bbox 537 720 676 776; x_wconf 77' lang='lat' dir='ltr'>recenter</span> <span class='ocrx_word' id='word_1_38' title='bbox 687 719 826 776; x_wconf 88' lang='lat' dir='ltr'>erectum</span> <span class='ocrx_word' id='word_1_39' title='bbox 842 709 946 786; x_wconf 84' lang='lat' dir='ltr'>fuerit,</span> <span class='ocrx_word' id='word_1_40' title='bbox 963 731 1059 775; x_wconf 87' lang='lat' dir='ltr'>unam</span> <span class='ocrx_word' id='word_1_41' title='bbox 1076 713 1125 776; x_wconf 89' lang='lat' dir='ltr'>vel</span> <span class='ocrx_word' id='word_1_42' title='bbox 1141 714 1184 776; x_wconf 91' lang='lat' dir='ltr'>al-</span> 
     </span>
     <span class='ocr_line' id='line_1_7' title="bbox 215 801 1278 882; baseline -0.001 -18"><span class='ocrx_word' id='word_1_43' title='bbox 215 810 314 864; x_wconf 90' lang='lat' dir='ltr'>teram</span> <span class='ocrx_word' id='word_1_44' title='bbox 329 801 461 865; x_wconf 92' lang='lat' dir='ltr'>domum</span> <span class='ocrx_word' id='word_1_45' title='bbox 472 803 626 865; x_wconf 82' lang='lat' dir='ltr'>duntaxat</span> <span class='ocrx_word' id='word_1_46' title='bbox 640 801 767 875; x_wconf 89' lang='lat' dir='ltr'>babeat,</span> <span class='ocrx_word' id='word_1_47' title='bbox 784 819 842 864; x_wconf 91' lang='lat' dir='ltr'>uec</span> <span class='ocrx_word' id='word_1_48' title='bbox 856 809 1045 882; x_wconf 77' lang='lat' dir='ltr'>opportunae</span> <span class='ocrx_word' id='word_1_49' title='bbox 1060 803 1184 866; x_wconf 84' lang='lat' dir='ltr'>Consti·</span> <span class='ocrx_word' id='word_1_50' title='bbox 1277 801 1278 838; x_wconf 70' lang='lat'>³</span> 
     </span>
     <span class='ocr_line' id='line_1_8' title="bbox 215 889 1183 967; baseline 0 -15"><span class='ocrx_word' id='word_1_51' title='bbox 215 892 351 954; x_wconf 82' lang='lat' dir='ltr'>tutiores</span> <span class='ocrx_word' id='word_1_52' title='bbox 375 891 480 956; x_wconf 87' lang='lat' dir='ltr'>adhuc</span> <span class='ocrx_word' id='word_1_53' title='bbox 494 891 689 954; x_wconf 90' lang='lat' dir='ltr'>concinnatae</span> <span class='ocrx_word' id='word_1_54' title='bbox 704 889 820 953; x_wconf 86' lang='lat' dir='ltr'>luerint</span> <span class='ocrx_word' id='word_1_55' title='bbox 837 936 845 967; x_wconf 91' lang='lat'>,</span> <span class='ocrx_word' id='word_1_56' title='bbox 865 889 1013 952; x_wconf 87' lang='lat' dir='ltr'>laudatur</span> <span class='ocrx_word' id='word_1_57' title='bbox 1029 891 1107 954; x_wconf 84' lang='lat' dir='ltr'>unis</span> <span class='ocrx_word' id='word_1_58' title='bbox 1131 910 1183 954; x_wconf 91' lang='lat' dir='ltr'>seu</span> 
     </span>
     <span class='ocr_line' id='line_1_9' title="bbox 215 979 1184 1060; baseline 0 -18"><span class='ocrx_word' id='word_1_59' title='bbox 215 997 329 1060; x_wconf 86' lang='lat' dir='ltr'>scopus</span> <span class='ocrx_word' id='word_1_60' title='bbox 354 979 547 1054; x_wconf 83' lang='lat' dir='ltr'>fundatoris,</span> <span class='ocrx_word' id='word_1_61' title='bbox 570 979 620 1042; x_wconf 89' lang='lat' dir='ltr'>vel</span> <span class='ocrx_word' id='word_1_62' title='bbox 642 979 714 1042; x_wconf 89' lang='lat' dir='ltr'>linis</span> <span class='ocrx_word' id='word_1_63' title='bbox 735 997 790 1041; x_wconf 88' lang='lat' dir='ltr'>seu</span> <span class='ocrx_word' id='word_1_64' title='bbox 814 996 929 1058; x_wconf 90' lang='lat' dir='ltr'>scopus</span> <span class='ocrx_word' id='word_1_65' title='bbox 944 979 1103 1054; x_wconf 91' lang='lat' dir='ltr'>lnstituti,</span> <span class='ocrx_word' id='word_1_66' title='bbox 1128 999 1184 1042; x_wconf 89' lang='lat' dir='ltr'>nro</span> 
     </span>
     <span class='ocr_line' id='line_1_10' title="bbox 214 1069 700 1150; baseline 0 -18"><span class='ocrx_word' id='word_1_67' title='bbox 214 1069 368 1150; x_wconf 85' lang='lat' dir='ltr'>qualitate</span> <span class='ocrx_word' id='word_1_68' title='bbox 380 1069 700 1140; x_wconf 88' lang='lat' dir='ltr'>circumstantiarum.</span> 
     </span>
    </p>

    <p class='ocr_par' dir='ltr' id='par_1_4' title="bbox 215 1156 1184 1934">
     <span class='ocr_line' id='line_1_11' title="bbox 260 1156 1184 1239; baseline 0.003 -22"><span class='ocrx_word' id='word_1_69' title='bbox 260 1181 274 1216; x_wconf 79' lang='grc' dir='ltr'>(ι</span> <span class='ocrx_word' id='word_1_70' title='bbox 295 1159 366 1220; x_wconf 88' lang='lat' dir='ltr'>Post</span> <span class='ocrx_word' id='word_1_71' title='bbox 380 1176 554 1238; x_wconf 84' lang='lat' dir='ltr'>congruum</span> <span class='ocrx_word' id='word_1_72' title='bbox 578 1167 722 1239; x_wconf 84' lang='lat' dir='ltr'>tempus,</span> <span class='ocrx_word' id='word_1_73' title='bbox 747 1157 772 1218; x_wconf 93' lang='lat' dir='ltr'>si</span> <span class='ocrx_word' id='word_1_74' title='bbox 796 1156 978 1219; x_wconf 88' lang='lat' dir='ltr'>institutum</span> <span class='ocrx_word' id='word_1_75' title='bbox 1001 1161 1075 1219; x_wconf 85' lang='lat' dir='ltr'>satis</span> <span class='ocrx_word' id='word_1_76' title='bbox 1090 1156 1184 1220; x_wconf 84' lang='lat' dir='ltr'>diffu-</span> 
     </span>
     <span class='ocr_line' id='line_1_12' title="bbox 216 1245 1182 1322; baseline 0.002 -14"><span class='ocrx_word' id='word_1_77' title='bbox 216 1266 285 1309; x_wconf 90' lang='lat' dir='ltr'>sum</span> <span class='ocrx_word' id='word_1_78' title='bbox 302 1247 414 1322; x_wconf 87' lang='lat' dir='ltr'>luerit,</span> <span class='ocrx_word' id='word_1_79' title='bbox 431 1248 544 1310; x_wconf 82' lang='lat' dir='ltr'>uberes</span> <span class='ocrx_word' id='word_1_80' title='bbox 567 1245 688 1312; x_wconf 82' lang='lat' dir='ltr'>lructus</span> <span class='ocrx_word' id='word_1_81' title='bbox 702 1245 855 1318; x_wconf 81' lang='lat' dir='ltr'>retulerit,</span> <span class='ocrx_word' id='word_1_82' title='bbox 877 1256 907 1307; x_wconf 90' lang='lat' dir='ltr'>et</span> <span class='ocrx_word' id='word_1_83' title='bbox 921 1246 1079 1309; x_wconf 90' lang='lat' dir='ltr'>Ordiuarii</span> <span class='ocrx_word' id='word_1_84' title='bbox 1096 1247 1182 1310; x_wconf 92' lang='lat' dir='ltr'>loco-</span> 
     </span>
     <span class='ocr_line' id='line_1_13' title="bbox 216 1327 1184 1409; baseline -0.004 -11"><span class='ocrx_word' id='word_1_85' title='bbox 216 1347 285 1398; x_wconf 85' lang='lat' dir='ltr'>rum</span> <span class='ocrx_word' id='word_1_86' title='bbox 308 1335 385 1398; x_wconf 93' lang='lat' dir='ltr'>illud</span> <span class='ocrx_word' id='word_1_87' title='bbox 408 1335 709 1409; x_wconf 83' lang='lat' dir='ltr'>commendaverint,</span> <span class='ocrx_word' id='word_1_88' title='bbox 727 1327 894 1396; x_wconf 64' lang='lat' dir='ltr'>&#39;decretum</span> <span class='ocrx_word' id='word_1_89' title='bbox 916 1334 1028 1398; x_wconf 80' lang='lat' dir='ltr'>Laudis</span> <span class='ocrx_word' id='word_1_90' title='bbox 1052 1336 1184 1398; x_wconf 83' lang='lat' dir='ltr'>instituti</span> 
     </span>
     <span class='ocr_line' id='line_1_14' title="bbox 216 1422 1182 1504; baseline -0.003 -17"><span class='ocrx_word' id='word_1_91' title='bbox 216 1424 410 1499; x_wconf 86' lang='lat' dir='ltr'>conceditur,</span> <span class='ocrx_word' id='word_1_92' title='bbox 419 1432 450 1488; x_wconf 90' lang='lat' dir='ltr'>et</span> <span class='ocrx_word' id='word_1_93' title='bbox 465 1425 637 1504; x_wconf 85' lang='lat' dir='ltr'>aliquando</span> <span class='ocrx_word' id='word_1_94' title='bbox 647 1425 742 1486; x_wconf 91' lang='lat' dir='ltr'>etiam</span> <span class='ocrx_word' id='word_1_95' title='bbox 757 1422 918 1486; x_wconf 90' lang='lat' dir='ltr'>decretum</span> <span class='ocrx_word' id='word_1_96' title='bbox 927 1424 1182 1504; x_wconf 89' lang='lat' dir='ltr'>approbationis,</span> 
     </span>
     <span class='ocr_line' id='line_1_15' title="bbox 216 1511 1182 1596; baseline 0 -22"><span class='ocrx_word' id='word_1_97' title='bbox 216 1513 389 1596; x_wconf 79' lang='lat' dir='ltr'>praesertim</span> <span class='ocrx_word' id='word_1_98' title='bbox 410 1513 436 1582; x_wconf 83' lang='lat' dir='ltr'>si</span> <span class='ocrx_word' id='word_1_99' title='bbox 456 1513 695 1576; x_wconf 85' lang='lat' dir='ltr'>constitutiones</span> <span class='ocrx_word' id='word_1_100' title='bbox 715 1511 887 1574; x_wconf 80' lang='lat' dir='ltr'>efformatae</span> <span class='ocrx_word' id='word_1_101' title='bbox 909 1511 1041 1584; x_wconf 85' lang='lat' dir='ltr'>fuerint,</span> <span class='ocrx_word' id='word_1_102' title='bbox 1073 1532 1130 1576; x_wconf 91' lang='lat' dir='ltr'>nec</span> <span class='ocrx_word' id='word_1_103' title='bbox 1153 1514 1182 1574; x_wconf 92' lang='lat' dir='ltr'>in</span> 
     </span>
     <span class='ocr_line' id='line_1_16' title="bbox 217 1599 1184 1682; baseline 0 -18"><span class='ocrx_word' id='word_1_104' title='bbox 217 1601 478 1664; x_wconf 84' lang='lat' dir='ltr'>substantialibus</span> <span class='ocrx_word' id='word_1_105' title='bbox 496 1620 606 1682; x_wconf 81' lang='lat' dir='ltr'>graves</span> <span class='ocrx_word' id='word_1_106' title='bbox 623 1601 821 1664; x_wconf 88' lang='lat' dir='ltr'>difficultates</span> <span class='ocrx_word' id='word_1_107' title='bbox 836 1619 900 1682; x_wconf 86' lang='lat' dir='ltr'>prae</span> <span class='ocrx_word' id='word_1_108' title='bbox 915 1619 947 1663; x_wconf 89' lang='lat' dir='ltr'>se</span> <span class='ocrx_word' id='word_1_109' title='bbox 963 1599 1083 1678; x_wconf 81' lang='lat' dir='ltr'>lerant3</span> <span class='ocrx_word' id='word_1_110' title='bbox 1100 1601 1184 1682; x_wconf 90' lang='lat' dir='ltr'>quod</span> 
     </span>
     <span class='ocr_line' id='line_1_17' title="bbox 216 1689 1184 1774; baseline -0.002 -20"><span class='ocrx_word' id='word_1_111' title='bbox 216 1702 320 1754; x_wconf 89' lang='lat' dir='ltr'>tamen</span> <span class='ocrx_word' id='word_1_112' title='bbox 337 1691 576 1774; x_wconf 87' lang='lat' dir='ltr'>approbationis</span> <span class='ocrx_word' id='word_1_113' title='bbox 589 1689 751 1752; x_wconf 90' lang='lat' dir='ltr'>decretum</span> <span class='ocrx_word' id='word_1_114' title='bbox 772 1689 931 1752; x_wconf 87' lang='lat' dir='ltr'>ordinarie</span> <span class='ocrx_word' id='word_1_115' title='bbox 946 1690 984 1750; x_wconf 89' lang='lat' dir='ltr'>ad</span> <span class='ocrx_word' id='word_1_116' title='bbox 999 1690 1088 1752; x_wconf 89' lang='lat' dir='ltr'>aliud</span> <span class='ocrx_word' id='word_1_117' title='bbox 1104 1700 1184 1752; x_wconf 86' lang='lat' dir='ltr'>tem·</span> 
     </span>
     <span class='ocr_line' id='line_1_18' title="bbox 215 1777 1183 1862; baseline -0.002 -20"><span class='ocrx_word' id='word_1_118' title='bbox 215 1800 274 1862; x_wconf 88' lang='lat' dir='ltr'>pus</span> <span class='ocrx_word' id='word_1_119' title='bbox 288 1779 502 1842; x_wconf 84' lang='lat' dir='ltr'>soletdifferri.</span> <span class='ocrx_word' id='word_1_120' title='bbox 515 1777 794 1842; x_wconf 81' lang='lat' dir='ltr'>Communicaulur</span> <span class='ocrx_word' id='word_1_121' title='bbox 805 1778 1096 1842; x_wconf 84' lang='lat' dir='ltr'>animadversiones</span> <span class='ocrx_word' id='word_1_122' title='bbox 1105 1781 1183 1842; x_wconf 86' lang='lat' dir='ltr'>circa</span> 
     </span>
     <span class='ocr_line' id='line_1_19' title="bbox 215 1871 462 1934; baseline 0 -3"><span class='ocrx_word' id='word_1_123' title='bbox 215 1871 462 1934; x_wconf 85' lang='lat' dir='ltr'>constitutiones.</span> 
     </span>
    </p>

    <p class='ocr_par' dir='ltr' id='par_1_5' title="bbox 213 1955 1241 2572">
     <span class='ocr_line' id='line_1_20' title="bbox 258 1955 1186 2040; baseline 0 -23"><span class='ocrx_word' id='word_1_124' title='bbox 258 1981 273 2017; x_wconf 80' lang='lat' dir='ltr'>a</span> <span class='ocrx_word' id='word_1_125' title='bbox 295 1957 540 2022; x_wconf 76' lang='lat' dir='ltr'>constitutiones</span> <span class='ocrx_word' id='word_1_126' title='bbox 570 1965 767 2022; x_wconf 90' lang='lat' dir='ltr'>autemnon</span> <span class='ocrx_word' id='word_1_127' title='bbox 796 1955 1014 2040; x_wconf 87' lang='lat' dir='ltr'>approbantur</span> <span class='ocrx_word' id='word_1_128' title='bbox 1041 1956 1103 2018; x_wconf 90' lang='lat' dir='ltr'>nisi</span> <span class='ocrx_word' id='word_1_129' title='bbox 1133 1973 1186 2038; x_wconf 90' lang='lat' dir='ltr'>per</span> 
     </span>
     <span class='ocr_line' id='line_1_21' title="bbox 214 2043 1187 2128; baseline -0.004 -18"><span class='ocrx_word' id='word_1_130' title='bbox 214 2065 391 2126; x_wconf 86' lang='lat' dir='ltr'>congruum</span> <span class='ocrx_word' id='word_1_131' title='bbox 406 2056 531 2126; x_wconf 87' lang='lat' dir='ltr'>tempus</span> <span class='ocrx_word' id='word_1_132' title='bbox 548 2045 741 2128; x_wconf 85' lang='lat' dir='ltr'>experientia</span> <span class='ocrx_word' id='word_1_133' title='bbox 760 2044 973 2128; x_wconf 72' lang='lat' dir='ltr'>comprobatas</span> <span class='ocrx_word' id='word_1_134' title='bbox 994 2043 1131 2122; x_wconf 88' lang='lat' dir='ltr'>luerint,</span> <span class='ocrx_word' id='word_1_135' title='bbox 1158 2054 1187 2106; x_wconf 90' lang='lat' dir='ltr'>et</span> 
     </span>
     <span class='ocr_line' id='line_1_22' title="bbox 214 2133 1187 2216; baseline -0.002 -18"><span class='ocrx_word' id='word_1_136' title='bbox 214 2136 253 2198; x_wconf 90' lang='lat' dir='ltr'>ad</span> <span class='ocrx_word' id='word_1_137' title='bbox 280 2137 420 2196; x_wconf 86' lang='lat' dir='ltr'>tramites</span> <span class='ocrx_word' id='word_1_138' title='bbox 444 2135 754 2198; x_wconf 88' lang='lat' dir='ltr'>animadversionum</span> <span class='ocrx_word' id='word_1_139' title='bbox 775 2134 963 2198; x_wconf 84' lang='lat' dir='ltr'>reformatae.</span> <span class='ocrx_word' id='word_1_140' title='bbox 990 2133 1187 2216; x_wconf 67' lang='lat' dir='ltr'>approbatio</span> 
     </span>
     <span class='ocr_line' id='line_1_23' title="bbox 214 2223 1185 2306; baseline -0.002 -18"><span class='ocrx_word' id='word_1_141' title='bbox 214 2225 438 2304; x_wconf 88' lang='lat' dir='ltr'>utplurimum</span> <span class='ocrx_word' id='word_1_142' title='bbox 460 2225 642 2288; x_wconf 88' lang='lat' dir='ltr'>conceditur</span> <span class='ocrx_word' id='word_1_143' title='bbox 663 2243 719 2306; x_wconf 91' lang='lat' dir='ltr'>per</span> <span class='ocrx_word' id='word_1_144' title='bbox 738 2223 869 2300; x_wconf 87' lang='lat' dir='ltr'>modum</span> <span class='ocrx_word' id='word_1_145' title='bbox 890 2225 1121 2304; x_wconf 85' lang='lat' dir='ltr'>experimenti,</span> <span class='ocrx_word' id='word_1_146' title='bbox 1138 2243 1185 2286; x_wconf 88' lang='lat' dir='ltr'>ex.</span> 
     </span>
     <span class='ocr_line' id='line_1_24' title="bbox 213 2311 1185 2394; baseline -0.001 -20"><span class='ocrx_word' id='word_1_147' title='bbox 213 2314 323 2394; x_wconf 84' lang='lat' dir='ltr'>gratia,</span> <span class='ocrx_word' id='word_1_148' title='bbox 341 2314 380 2375; x_wconf 89' lang='lat' dir='ltr'>ad</span> <span class='ocrx_word' id='word_1_149' title='bbox 397 2313 581 2388; x_wconf 89' lang='lat' dir='ltr'>triennium,</span> <span class='ocrx_word' id='word_1_150' title='bbox 597 2313 646 2374; x_wconf 90' lang='lat' dir='ltr'>vel</span> <span class='ocrx_word' id='word_1_151' title='bbox 661 2313 928 2394; x_wconf 82' lang='lat' dir='ltr'>quinquennium3</span> <span class='ocrx_word' id='word_1_152' title='bbox 942 2320 973 2373; x_wconf 86' lang='lat' dir='ltr'>ct</span> <span class='ocrx_word' id='word_1_153' title='bbox 985 2311 1114 2390; x_wconf 86' lang='lat' dir='ltr'>deinde,</span> <span class='ocrx_word' id='word_1_154' title='bbox 1127 2313 1185 2375; x_wconf 86' lang='lat' dir='ltr'>nisi</span> 
     </span>
     <span class='ocr_line' id='line_1_25' title="bbox 213 2400 1241 2484; baseline 0 -20"><span class='ocrx_word' id='word_1_155' title='bbox 213 2401 333 2483; x_wconf 88' lang='lat' dir='ltr'>aliquid</span> <span class='ocrx_word' id='word_1_156' title='bbox 350 2401 469 2476; x_wconf 86' lang='lat' dir='ltr'>obstet,</span> <span class='ocrx_word' id='word_1_157' title='bbox 486 2400 649 2464; x_wconf 86' lang='lat' dir='ltr'>decretum</span> <span class='ocrx_word' id='word_1_158' title='bbox 665 2401 863 2464; x_wconf 78' lang='lat' dir='ltr'>definitivum</span> <span class='ocrx_word' id='word_1_159' title='bbox 878 2401 1057 2463; x_wconf 78' lang='lat' dir='ltr'>tribuitur»</span> <span class='ocrx_word' id='word_1_160' title='bbox 1079 2402 1186 2484; x_wconf 89' lang='lat' dir='ltr'>(omit-</span> <span class='ocrx_word' id='word_1_161' title='bbox 1239 2437 1241 2442; x_wconf 68' lang='lat'>,</span> 
     </span>
     <span class='ocr_line' id='line_1_26' title="bbox 213 2487 982 2572; baseline 0 -20"><span class='ocrx_word' id='word_1_162' title='bbox 213 2493 308 2554; x_wconf 90' lang='lat' dir='ltr'>timus</span> <span class='ocrx_word' id='word_1_163' title='bbox 322 2493 374 2554; x_wconf 88' lang='lat' dir='ltr'>uic</span> <span class='ocrx_word' id='word_1_164' title='bbox 389 2491 541 2554; x_wconf 87' lang='lat' dir='ltr'>formulas</span> <span class='ocrx_word' id='word_1_165' title='bbox 553 2489 570 2552; x_wconf 77' lang='lat' dir='ltr'>a</span> <span class='ocrx_word' id='word_1_166' title='bbox 583 2489 614 2553; x_wconf 86' lang='lat' dir='ltr'>S.</span> <span class='ocrx_word' id='word_1_167' title='bbox 631 2489 744 2572; x_wconf 79' lang='lat' dir='ltr'>Congu.</span> <span class='ocrx_word' id='word_1_168' title='bbox 762 2487 982 2570; x_wconf 87' lang='lat' dir='ltr'>adhibendas).</span> 
     </span>
    </p>

    <p class='ocr_par' dir='ltr' id='par_1_6' title="bbox 214 2578 1273 3188">
     <span class='ocr_line' id='line_1_27' title="bbox 256 2578 1187 2660; baseline 0.002 -19"><span class='ocrx_word' id='word_1_169' title='bbox 256 2603 272 2641; x_wconf 82' lang='lat' dir='ltr'>u</span> <span class='ocrx_word' id='word_1_170' title='bbox 293 2579 327 2642; x_wconf 91' lang='lat' dir='ltr'>ln</span> <span class='ocrx_word' id='word_1_171' title='bbox 344 2579 526 2660; x_wconf 89' lang='lat' dir='ltr'>hujusmodi</span> <span class='ocrx_word' id='word_1_172' title='bbox 542 2597 616 2642; x_wconf 88' lang='lat' dir='ltr'>vero</span> <span class='ocrx_word' id='word_1_173' title='bbox 632 2579 765 2660; x_wconf 83' lang='lat' dir='ltr'>negotiis</span> <span class='ocrx_word' id='word_1_174' title='bbox 784 2578 988 2660; x_wconf 87' lang='lat' dir='ltr'>expediendis</span> <span class='ocrx_word' id='word_1_175' title='bbox 1004 2583 1114 2642; x_wconf 81' lang='lat' dir='ltr'>omnin</span> <span class='ocrx_word' id='word_1_176' title='bbox 1130 2581 1187 2649; x_wconf 88' lang='lat' dir='ltr'>de-</span> 
     </span>
     <span class='ocr_line' id='line_1_28' title="bbox 214 2667 1185 2742; baseline -0.004 -11"><span class='ocrx_word' id='word_1_177' title='bbox 214 2671 290 2732; x_wconf 90' lang='lat' dir='ltr'>bent</span> <span class='ocrx_word' id='word_1_178' title='bbox 304 2668 412 2732; x_wconf 87' lang='lat' dir='ltr'>referri</span> <span class='ocrx_word' id='word_1_179' title='bbox 433 2669 463 2734; x_wconf 89' lang='lat' dir='ltr'>S.</span> <span class='ocrx_word' id='word_1_180' title='bbox 486 2669 641 2731; x_wconf 87' lang='lat' dir='ltr'>Pontifici.</span> <span class='ocrx_word' id='word_1_181' title='bbox 664 2668 744 2742; x_wconf 82' lang='lat' dir='ltr'>Quin</span> <span class='ocrx_word' id='word_1_182' title='bbox 764 2668 829 2730; x_wconf 92' lang='lat' dir='ltr'>imo</span> <span class='ocrx_word' id='word_1_183' title='bbox 849 2667 1072 2730; x_wconf 86' lang='lat' dir='ltr'>Sanctissiurus</span> <span class='ocrx_word' id='word_1_184' title='bbox 1097 2671 1133 2731; x_wconf 90' lang='lat' dir='ltr'>D.</span> <span class='ocrx_word' id='word_1_185' title='bbox 1150 2670 1185 2732; x_wconf 91' lang='lat' dir='ltr'>N.</span> 
     </span>
     <span class='ocr_line' id='line_1_29' title="bbox 215 2755 1184 2840; baseline 0.001 -20"><span class='ocrx_word' id='word_1_186' title='bbox 215 2759 287 2820; x_wconf 91' lang='lat' dir='ltr'>Pius</span> <span class='ocrx_word' id='word_1_187' title='bbox 308 2759 392 2840; x_wconf 90' lang='lat' dir='ltr'>Papa</span> <span class='ocrx_word' id='word_1_188' title='bbox 414 2757 473 2833; x_wconf 88' lang='lat' dir='ltr'>lX,</span> <span class='ocrx_word' id='word_1_189' title='bbox 497 2758 530 2820; x_wconf 93' lang='lat' dir='ltr'>in</span> <span class='ocrx_word' id='word_1_190' title='bbox 551 2757 711 2820; x_wconf 88' lang='lat' dir='ltr'>audientia</span> <span class='ocrx_word' id='word_1_191' title='bbox 733 2756 839 2818; x_wconf 90' lang='lat' dir='ltr'>habita</span> <span class='ocrx_word' id='word_1_192' title='bbox 860 2755 910 2818; x_wconf 88' lang='lat' dir='ltr'>die</span> <span class='ocrx_word' id='word_1_193' title='bbox 933 2761 971 2820; x_wconf 70' lang='lat'>22</span> <span class='ocrx_word' id='word_1_194' title='bbox 993 2766 1072 2839; x_wconf 89' lang='lat' dir='ltr'>sept.</span> <span class='ocrx_word' id='word_1_195' title='bbox 1097 2764 1184 2829; x_wconf 72' lang='lat'>1854,</span> 
     </span>
     <span class='ocr_line' id='line_1_30' title="bbox 215 2845 1188 2928; baseline -0.002 -19"><span class='ocrx_word' id='word_1_196' title='bbox 215 2847 378 2910; x_wconf 91' lang='lat' dir='ltr'>mandavit</span> <span class='ocrx_word' id='word_1_197' title='bbox 393 2855 427 2908; x_wconf 93' lang='lat' dir='ltr'>ut</span> <span class='ocrx_word' id='word_1_198' title='bbox 442 2847 648 2928; x_wconf 90' lang='lat' dir='ltr'>inposterum</span> <span class='ocrx_word' id='word_1_199' title='bbox 664 2845 910 2926; x_wconf 85' lang='lat' dir='ltr'>supplicationes</span> <span class='ocrx_word' id='word_1_200' title='bbox 924 2863 982 2926; x_wconf 89' lang='lat' dir='ltr'>pro</span> <span class='ocrx_word' id='word_1_201' title='bbox 1003 2845 1188 2910; x_wconf 85' lang='lat' dir='ltr'>laudatione</span> 
     </span>
     <span class='ocr_line' id='line_1_31' title="bbox 215 2934 1273 3018; baseline -0.007 -19"><span class='ocrx_word' id='word_1_202' title='bbox 215 2938 264 2999; x_wconf 86' lang='lat' dir='ltr'>vel</span> <span class='ocrx_word' id='word_1_203' title='bbox 287 2937 516 3018; x_wconf 89' lang='lat' dir='ltr'>approbatione</span> <span class='ocrx_word' id='word_1_204' title='bbox 539 2935 670 3016; x_wconf 89' lang='lat' dir='ltr'>alicujus</span> <span class='ocrx_word' id='word_1_205' title='bbox 691 2934 850 3010; x_wconf 86' lang='lat' dir='ltr'>instituti,</span> <span class='ocrx_word' id='word_1_206' title='bbox 871 2941 902 2996; x_wconf 89' lang='lat' dir='ltr'>et</span> <span class='ocrx_word' id='word_1_207' title='bbox 923 2934 1189 2999; x_wconf 72' lang='lat' dir='ltr'>constitutionum</span> <span class='ocrx_word' id='word_1_208' title='bbox 1209 2941 1216 2972; x_wconf 87' lang='lat'>¹</span> <span class='ocrx_word' id='word_1_209' title='bbox 1267 2983 1273 2992; x_wconf 94' lang='lat'>.</span> 
     </span>
     <span class='ocr_line' id='line_1_32' title="bbox 215 3019 1215 3105; baseline -0.004 -17"><span class='ocrx_word' id='word_1_210' title='bbox 215 3027 466 3103; x_wconf 88' lang='lat' dir='ltr'>confirmatione,</span> <span class='ocrx_word' id='word_1_211' title='bbox 483 3031 654 3105; x_wconf 88' lang='lat' dir='ltr'>antequam</span> <span class='ocrx_word' id='word_1_212' title='bbox 669 3021 847 3104; x_wconf 89' lang='lat' dir='ltr'>quidquam</span> <span class='ocrx_word' id='word_1_213' title='bbox 863 3019 921 3084; x_wconf 87' lang='lat' dir='ltr'>aS.</span> <span class='ocrx_word' id='word_1_214' title='bbox 934 3019 1215 3104; x_wconf 78' lang='lat' dir='ltr'>Congregatione&#39;</span> 
     </span>
     <span class='ocr_line' id='line_1_33' title="bbox 216 3112 1213 3194; baseline -0.008 -17"><span class='ocrx_word' id='word_1_215' title='bbox 216 3113 381 3194; x_wconf 81' lang='lat' dir='ltr'>ag.atur,S</span> <span class='ocrx_word' id='word_1_216' title='bbox 401 3112 771 3176; x_wconf 52' lang='lat' dir='ltr'>PontificireleranturR</span> <span class='ocrx_word' id='word_1_217' title='bbox 794 3133 809 3170; x_wconf 78' lang='lat' dir='ltr'>n</span> <span class='ocrx_word' id='word_1_218' title='bbox 1199 3115 1213 3134; x_wconf 88' lang='grc'>·’</span> 
     </span>
    </p>

    <p class='ocr_par' dir='ltr' id='par_1_7' title="bbox 254 3199 1200 3282">
     <span class='ocr_line' id='line_1_34' title="bbox 254 3199 1200 3282; baseline -0.004 -18"><span class='ocrx_word' id='word_1_219' title='bbox 254 3201 434 3264; x_wconf 84' lang='lat' dir='ltr'>Notandum</span> <span class='ocrx_word' id='word_1_220' title='bbox 455 3210 501 3264; x_wconf 88' lang='lat' dir='ltr'>est</span> <span class='ocrx_word' id='word_1_221' title='bbox 522 3201 609 3282; x_wconf 91' lang='lat' dir='ltr'>quod</span> <span class='ocrx_word' id='word_1_222' title='bbox 635 3199 815 3262; x_wconf 88' lang='lat' dir='ltr'>institutum</span> <span class='ocrx_word' id='word_1_223' title='bbox 838 3217 902 3262; x_wconf 92' lang='lat' dir='ltr'>non</span> <span class='ocrx_word' id='word_1_224' title='bbox 927 3200 1069 3276; x_wconf 89' lang='lat' dir='ltr'>reputari</span> <span class='ocrx_word' id='word_1_225' title='bbox 1096 3201 1200 3277; x_wconf 68' lang='lat' dir='ltr'>debet,</span> 
     </span>
    </p>
   </div>
   <div class='ocr_carea' id='block_1_3' title="bbox 215 3287 1211 3638">
    <p class='ocr_par' dir='ltr' id='par_1_8' title="bbox 215 3287 1211 3638">
     <span class='ocr_line' id='line_1_35' title="bbox 216 3287 1202 3372; baseline -0.002 -20"><span class='ocrx_word' id='word_1_226' title='bbox 216 3291 427 3372; x_wconf 88' lang='lat' dir='ltr'>approbatum</span> <span class='ocrx_word' id='word_1_227' title='bbox 443 3307 500 3371; x_wconf 90' lang='lat' dir='ltr'>pro</span> <span class='ocrx_word' id='word_1_228' title='bbox 516 3289 707 3352; x_wconf 87' lang='lat' dir='ltr'>admissione</span> <span class='ocrx_word' id='word_1_229' title='bbox 725 3287 764 3350; x_wconf 90' lang='lat' dir='ltr'>ad</span> <span class='ocrx_word' id='word_1_230' title='bbox 781 3296 851 3350; x_wconf 87' lang='lat' dir='ltr'>rota</span> <span class='ocrx_word' id='word_1_231' title='bbox 867 3287 1033 3364; x_wconf 88' lang='lat' dir='ltr'>solemnia,</span> <span class='ocrx_word' id='word_1_232' title='bbox 1054 3290 1117 3352; x_wconf 91' lang='lat' dir='ltr'>nisi</span> <span class='ocrx_word' id='word_1_233' title='bbox 1129 3291 1202 3352; x_wconf 71' lang='lat' dir='ltr'>hoc*</span> 
     </span>
     <span class='ocr_line' id='line_1_36' title="bbox 215 3375 1211 3460; baseline -0.002 -18"><span class='ocrx_word' id='word_1_234' title='bbox 215 3379 403 3442; x_wconf 80' lang='lat' dir='ltr'>sufficienter</span> <span class='ocrx_word' id='word_1_235' title='bbox 415 3377 652 3460; x_wconf 82' lang='lat' dir='ltr'>exprimaturm</span> <span class='ocrx_word' id='word_1_236' title='bbox 663 3376 806 3451; x_wconf 90' lang='lat' dir='ltr'>decreto</span> <span class='ocrx_word' id='word_1_237' title='bbox 823 3383 854 3438; x_wconf 89' lang='lat' dir='ltr'>et</span> <span class='ocrx_word' id='word_1_238' title='bbox 865 3375 972 3458; x_wconf 92' lang='lat' dir='ltr'>quod</span> <span class='ocrx_word' id='word_1_239' title='bbox 965 3395 998 3436; x_wconf 90' lang='lat' dir='ltr'>ru</span> <span class='ocrx_word' id='word_1_240' title='bbox 1013 3393 1186 3458; x_wconf 79' lang='lat' dir='ltr'>congrega·</span> <span class='ocrx_word' id='word_1_241' title='bbox 1207 3394 1211 3402; x_wconf 87' lang='lat'><em>·</em></span> 
     </span>
     <span class='ocr_line' id='line_1_37' title="bbox 216 3424 1209 3570; baseline -0.002 -40"><span class='ocrx_word' id='word_1_242' title='bbox 216 3470 309 3532; x_wconf 88' lang='lat' dir='ltr'>tionis</span> <span class='ocrx_word' id='word_1_243' title='bbox 335 3468 390 3530; x_wconf 85' lang='lat' dir='ltr'>reli</span> <span class='ocrx_word' id='word_1_244' title='bbox 384 3469 489 3548; x_wconf 73' lang='lat' dir='ltr'>rgiosae</span> <span class='ocrx_word' id='word_1_245' title='bbox 522 3466 751 3570; x_wconf 89' lang='lat' dir='ltr'>approbatione</span> <span class='ocrx_word' id='word_1_246' title='bbox 778 3424 900 3546; x_wconf 88' lang='lat' dir='ltr'>aliquid</span> <span class='ocrx_word' id='word_1_247' title='bbox 922 3465 1017 3526; x_wconf 86' lang='lat' dir='ltr'>statui</span> <span class='ocrx_word' id='word_1_248' title='bbox 1040 3459 1209 3546; x_wconf 61' lang='lat' dir='ltr'>religioso}</span> 
     </span>
     <span class='ocr_line' id='line_1_38' title="bbox 218 3553 1185 3638; baseline -0.005 -16"><span class='ocrx_word' id='word_1_249' title='bbox 218 3559 381 3638; x_wconf 83' lang='lat' dir='ltr'>proprium</span> <span class='ocrx_word' id='word_1_250' title='bbox 403 3557 537 3638; x_wconf 86' lang='lat' dir='ltr'>exprimi</span> <span class='ocrx_word' id='word_1_251' title='bbox 558 3556 692 3633; x_wconf 80' lang='lat' dir='ltr'>debeat3</span> <span class='ocrx_word' id='word_1_252' title='bbox 708 3573 782 3617; x_wconf 92' lang='lat' dir='ltr'>cum</span> <span class='ocrx_word' id='word_1_253' title='bbox 799 3571 888 3616; x_wconf 82' lang='lat' dir='ltr'>secus</span> <span class='ocrx_word' id='word_1_254' title='bbox 903 3553 970 3635; x_wconf 90' lang='lat' dir='ltr'>ipsa</span> <span class='ocrx_word' id='word_1_255' title='bbox 993 3570 1089 3617; x_wconf 79' lang='lat' dir='ltr'>mera</span> <span class='ocrx_word' id='word_1_256' title='bbox 1111 3572 1185 3617; x_wconf 89' lang='lat' dir='ltr'>cou-</span> 
     </span>
    </p>
   </div>
   <div class='ocr_carea' id='block_1_4' title="bbox 250 3703 667 3767">
    <p class='ocr_par' dir='ltr' id='par_1_9' title="bbox 250 3703 667 3767">
     <span class='ocr_line' id='line_1_39' title="bbox 250 3703 667 3767; baseline -0.007 -6"><span class='ocrx_word' id='word_1_257' title='bbox 250 3711 271 3763; x_wconf 91' lang='lat' dir='ltr'>l&#39;.</span> <span class='ocrx_word' id='word_1_258' title='bbox 290 3703 568 3767; x_wconf 62' lang='lat' dir='ltr'>besontionensis,</span> <span class='ocrx_word' id='word_1_259' title='bbox 586 3715 615 3755; x_wconf 85' lang='lat' dir='ltr'>n⁰</span> <span class='ocrx_word' id='word_1_260' title='bbox 627 3707 667 3758; x_wconf 80' lang='lat' dir='ltr'>tt.</span> 
     </span>
    </p>
   </div>
   <div class='ocr_carea' id='block_1_5' title="bbox 0 0 1300 4208">
    <p class='ocr_par' dir='ltr' id='par_1_10' title="bbox 0 0 1300 4208">
     <span class='ocr_line' id='line_1_40' title="bbox 0 0 1300 4208; baseline 0 0"><span class='ocrx_word' id='word_1_261' title='bbox 0 0 1300 4208; x_wconf 95' lang='lat' dir='ltr'> </span> 
     </span>
    </p>
   </div>
  </div>
 </body>
</html>
