2590 4208
501 271 585 316 nmen
605 270 740 316 rennos.
1065 253 1100 314 ot

124 397 277 452 tenentur
296 389 560 468 transgressiones
574 389 659 470 ejus,
680 387 774 450 ctiam
801 387 902 461 leves,
931 389 1104 468 prudenter

124 478 285 557 corrigere
302 499 309 540 τ
327 477 501 558 etquidem
517 476 576 539 sub
598 475 725 556 gravisi
745 475 857 537 exinde
877 493 990 554 magna
1006 477 1103 550 disci--

125 567 221 646 plinae
247 567 401 629 relaxatio
438 567 515 628 oriri
542 573 657 646 posset.
690 564 738 645 (V.
772 563 828 625 llas
855 563 1100 642 Comntunuute's‚

125 656 167 715 u·
188 655 352 736 rot-487.)

572 816 588 900 a
610 815 658 880 rr.

237 962 280 1024 Dc
300 961 477 1041 obligatione
497 959 631 1022 hobitum
652 960 823 1042 religiosum
845 961 991 1042 pertundi.

165 1111 236 1174 aul.
261 1109 455 1184 Quibusdam
484 1109 657 1184 institutis,
686 1109 781 1171 etiam
809 1125 955 1172 votorum
984 1111 1097 1173 solem-

126 1201 235 1276 nium,
260 1217 324 1262 non
341 1197 516 1280 imponitur
532 1196 632 1260 forma
650 1198 794 1278 specialis
815 1199 941 1261 habitus
959 1219 966 1262 :
981 1201 1025 1262 sic
1050 1203 1096 1263 Je-

125 1291 217 1352 suitac
236 1288 383 1350 habitum
408 1287 583 1350 clericalem
608 1285 728 1348 deterre
752 1286 853 1349 solent
876 1287 1005 1368 quando
1027 1301 1100 1352 sunt

125 1378 244 1452 clerici,
264 1395 352 1439 secus
367 1375 478 1438 laicale
500 1375 721 1437 vestimentum
738 1375 885 1438 iuduunt.
913 1377 963 1440 Sic
984 1379 1098 1458 pariter

126 1467 159 1527 in
175 1465 322 1526 Instituto
340 1485 346 1525 :
364 1463 456 1525 niues
467 1463 501 1524 de
516 1464 613 1524 Μανία
628 1481 645 1524 a
660 1463 692 1524 P.
710 1463 748 1524 de
759 1463 944 1527 Closrivicrc
957 1485 1029 1528 curn
1042 1467 1094 1527 θ’.

124 1555 165 1616 de
188 1553 259 1616 Cice
279 1571 435 1618 concursu
458 1553 601 1626 fundato,
623 1566 707 1612 anno
722 1551 828 1628 litto,
855 1571 977 1616 sorores
1000 1573 1098 1633 genus

125 1643 260 1704 vestium
285 1661 303 1705 a
327 1661 360 1704 se
381 1642 413 1703 in
434 1641 549 1704 saeculo
571 1648 761 1720 gestaturum
782 1659 845 1702 non
868 1648 1002 1704 mutant.
1024 1641 1095 1718 Sed,

124 1732 176 1792 his
190 1739 220 1793 et
236 1731 429 1812 quibusdam
444 1731 514 1792 aliis
534 1729 682 1810 exceptis,
700 1729 872 1808 generatim
888 1729 988 1791 lorma
1004 1730 1095 1792 habi-

125 1831 177 1881 tus
192 1819 347 1898 religiosis
363 1819 585 1900 prescribitur.

165 1909 261 1970 Porro
276 1907 315 1970 iis
329 1909 389 1969 lem
405 1907 551 1970 nonlicet
566 1906 653 1968 hurtc
663 1904 808 1970 habitum
819 1905 1044 1970 dimittercnisi
1057 1907 1095 1971 ad

122 1995 371 2072 dormiendun,
395 2005 449 2059 aut
472 2003 599 2078 propter
615 1995 710 2082 aliern
734 1997 966 2073 necessitatem3
983 2006 1014 2058 et
1034 1997 1095 2060 hoc

123 2088 248 2148 etiamsi
273 2086 381 2164 regula
403 2085 462 2147 sub
486 2093 613 2166 peccato
632 2101 695 2146 non
716 2082 834 2162 obliget
856 2085 955 2166 :quia
974 2105 1011 2148 cx
1028 2087 1095 2168 jure

122 2176 278 2238 canonico
299 2176 400 2237 oritur
427 2171 610 2255 hujusmodi
631 2172 782 2252 obligatio
803 2174 948 2236 habitum
965 2194 1028 2239 non
1045 2177 1094 2239 di·

122 2263 285 2338 mittendi‚
302 2273 336 2326 ut
350 2269 471 2325 constat
484 2281 522 2324 ex
536 2280 605 2343 cap.
627 2261 666 2336 2,
683 2262 730 2324 Ne
749 2263 854 2324 clerici
867 2273 893 2325 et
906 2265 1045 2328 monachi
1059 2268 1091 2329 in

121 2359 166 2428 6⁰,
183 2352 239 2414 ubi
253 2353 323 2433 ipso
338 2352 420 2414 facto
434 2351 724 2414 excommunicatur
740 2351 895 2432 professus
910 2361 1028 2417 temere
1042 2355 1093 2418 di-

123 2444 251 2505 mittens
266 2442 428 2520 religionis
444 2440 601 2502 habitum.
620 2441 691 2501 Haec
712 2449 818 2502 tamen
834 2445 1093 2505 excommunica-

123 2533 166 2594 tio
181 2548 246 2593 non
261 2529 434 2592 incurritur
449 2547 467 2591 a
486 2529 625 2611 professo
649 2529 781 2589 instituti
797 2529 989 2610 simplicium
1004 2540 1095 2594 voto-

123 2639 213 2696 rum;
230 2627 261 2683 et
276 2629 310 2682 ut
333 2621 513 2682 incurratur
528 2638 546 2681 a
561 2616 759 2696 regularibus
772 2620 898 2698 propriu
920 2619 1022 2695 dictis,
1046 2622 1096 2682 di-

124 2711 232 2788 missio
247 2709 377 2772 habitus
389 2710 454 2770 fieri
471 2707 564 2770 debet
578 2707 657 2767 citra
671 2707 892 2770 rationabilem
909 2727 1049 2784 oausam,
1067 2720 1098 2773 et

123 2819 178 2880 per
193 2809 319 2879 tempus
334 2798 420 2878 quod
435 2815 500 2859 non
515 2797 554 2858 sit
574 2794 806 2870 brevissimum,
824 2815 853 2858 v.
869 2815 916 2875 g,
932 2798 972 2859 ad
984 2801 1097 2880 jocan-

123 2889 221 2962 dum;
235 2887 407 2968 etquidem
421 2905 488 2949 esse
502 2884 671 2966 completa,
686 2884 730 2945 ita
746 2892 780 2946 ut
795 2886 959 2963 religiosus
975 2897 1010 2949 ut
1026 2889 1097 2950 talis

124 2997 189 3042 non
207 2977 345 3058 amplius
359 2976 573 3054 dignoscatur.

164 3067 254 3130 Circa
269 3065 493 3144 obligationem
509 3063 656 3125 habitum
671 3063 848 3142 regularem
871 3065 1013 3143 gestandi
1029 3067 1097 3128 dis-

124 3173 258 3240 pensare
273 3163 436 3236 nequeunt
451 3155 627 3234 superiores
640 3152 781 3229 Ordinis3
799 3154 851 3215 sed
864 3163 987 3215 tantum
1000 3155 1089 3219 decla

124 3263 195 3307 rare
210 3251 344 3325 possunt
358 3243 389 3303 in
400 3237 501 3304 dubio
516 3259 644 3303 causam
660 3240 751 3303 illurn
763 3241 942 3304 dimittendi
958 3261 1026 3308 esse
1041 3245 1100 3308 sul·

125 3334 296 3397 sicientem.
1097 3346 1102 3355 ’

577 3481 650 3567 ur.

305 3614 348 3676 De
370 3612 551 3694 obligatione
574 3613 746 3675 clausurum
767 3615 916 3681 seruandi.

165 3757 234 3821 993.
259 3754 439 3836 lllultiplicis
452 3760 498 3816 est
519 3754 641 3835 generis
655 3753 802 3818 clausura
818 3757 1093 3835 monasteriorum,
