2590 4208
90 269 93 275 '
169 264 209 324 lo
241 306 246 314 «
443 271 595 318 uuuumra
615 268 697 318 sunus
716 267 864 316 cauourcr.

165 393 201 448 et
211 384 301 465 juxta
317 390 456 444 tenorem
472 378 603 442 concilii
619 376 815 451 Tridentini,
837 374 1008 458 quaerendo
1024 373 1138 438 dunta-

170 481 223 536 xat
241 493 278 533 un
307 471 364 532 Dec
382 467 509 530 dicanda
528 475 648 543 coacta,
668 486 708 527 un
727 465 847 528 seducto
869 465 981 547 suerit,
1006 483 1046 526 ou
1068 463 1141 526 sciat

166 559 244 644 put’d
263 567 343 641 apat.

210 649 314 710 Etiam
336 645 492 709 moniales
514 651 666 725 exemptas
687 643 726 704 ab
746 643 903 726 Episcopo
924 650 998 705 sunt
1020 640 1125 705 exarui

170 735 305 812 nandae;
320 753 384 798 non
399 742 504 797 tamon
516 731 655 796 invalida
671 731 749 795 loret
764 730 915 814 professio
930 731 1048 812 absque
1057 727 1142 792 dicto

170 827 334 900 esamiue;
351 832 382 886 et
404 819 550 904 quamvis
571 821 751 884 Tridentino
768 821 962 904 praescriptio
982 836 1048 883 non
1071 817 1143 880 ads·

166 914 286 994 triugat
303 930 355 974 eas
371 929 442 992 qum
457 909 612 990 simplicia
634 918 758 972 tantum
777 918 851 973 vola
865 908 1032 982 emittunt,
1057 905 1143 988 Epis·

170 1019 270 1084 copus
285 1007 421 1063 statuere
436 1007 546 1081 potest,
563 998 588 1060 si
604 997 692 1074 velit,
706 1006 741 1061 ut
753 997 854 1060 eidem
863 1015 896 1060 se
911 995 1097 1077 subjiciant,
1112 1001 1142 1056 et

171 1098 247 1150 tunc
262 1106 326 1152 nou
351 1088 490 1168 rigorose
510 1084 549 1148 ad
565 1085 698 1148 formam
720 1085 851 1150 Consilii
866 1085 1042 1148 Tridentini
1061 1091 1092 1147 et
1109 1085 1140 1145 S.

153 1175 214 1254 ¹Pii
228 1179 270 1246 V,
285 1175 339 1239 sed
354 1175 392 1237 ad
409 1173 609 1257 prudentiam
624 1182 655 1237 et
673 1175 855 1257 equitatem
874 1173 1053 1237 naturalem
1075 1189 1141 1235 ser-

170 1265 320 1336 ¹landam,
337 1262 538 1326 solummodo
559 1272 692 1326 tenetur.

210 1357 279 1416 976.
303 1351 336 1414 2⁰
359 1351 569 1431 Praeligendus
589 1361 636 1415 est
665 1352 852 1416 monialium
878 1369 1032 1416 numerus
1053 1349 1142 1430 juxta

168 1441 352 1504 monasterii
367 1451 558 1523 proventus;
574 1449 605 1504 et
617 1441 649 1505 id
664 1441 731 1504 lieri
753 1441 845 1506 debet
860 1441 909 1505 uel
925 1459 943 1503 a
959 1441 1027 1503 solo
1049 1439 1141 1520 Epis·

163 1548 262 1612 copo,
280 1529 306 1592 si
320 1530 547 1594 monasterium
562 1548 627 1594 non
644 1531 684 1593 sit
698 1541 897 1614 exemptum,
911 1529 961 1593 vel
976 1528 1017 1590 ab
1029 1527 1140 1592 eodem

164 1637 243 1681 cunr
257 1618 387 1682 Praelalo
407 1619 457 1682 uui
480 1617 604 1694 subest,
620 1619 645 1680 si
670 1628 851 1702 exemptum
865 1619 915 1681 sit.
940 1617 985 1680 lta
999 1615 1138 1679 Trident.

165 1725 244 1770 sess,
266 1705 358 1782 XXV,
375 1726 401 1770 c.
419 1711 450 1777 3,
467 1706 507 1769 lte
519 1727 601 1788 rep,
617 1715 648 1770 et
671 1709 778 1789 plures
794 1707 1038 1772 Constitutiones
1058 1703 1138 1767 Pon·

170 1795 282 1858 tibciae.
301 1795 355 1858 llis
377 1814 449 1859 vero
465 1796 753 1877 praescriptionibus
769 1813 833 1860 uon
858 1794 1071 1877 subjiciuntur
1084 1810 1139 1856 vo-

165 1893 275 1948 torum
291 1885 485 1965 simplicium
500 1883 774 1964 congregationes.

209 1977 279 2036 9¹17.
304 1976 337 2032 3⁰
362 1973 405 2034 lle
428 1973 510 2036 Dete.
538 1972 625 2036 Dotis
646 1974 775 2036 nornine
793 1971 979 2053 intelligitur
997 1973 1141 2054 pecuniae

163 2079 294 2123 summa
303 2079 320 2122 a
329 2060 469 2140 legitimo
483 2061 644 2144 superiore
659 2068 781 2137 taxata,
794 2080 864 2144 quae
873 2061 1139 2124 monasteriodari

162 2149 262 2212 debet
276 2150 308 2211 in
325 2151 585 2213 sustentationem
595 2151 783 2232 profitentis.
800 2147 940 2214 Simonis
954 2149 1084 2232 quidem
1099 2169 1141 2214 es·

167 2247 216 2300 set
227 2239 395 2320 pecuniam
407 2239 529 2317 exigere
540 2248 692 2319 tanquam
707 2239 842 2321 pretium
853 2239 1012 2320 ingressus
1022 2239 1055 2300 iu
1066 2239 1139 2302 reli-

166 2328 309 2406 gionem,
326 2325 392 2401 sed,
405 2326 494 2407 juxta
509 2327 624 2391 Bened.
641 2327 719 2389 XlV.
738 2327 794 2408 (De
809 2325 905 2410 Syn,
922 2327 978 2390 lib.
994 2326 1047 2404 Xl,
1064 2345 1092 2390 o.
1108 2332 1139 2401 6,

165 2426 206 2478 n⁰
220 2417 264 2498 5),
281 2416 341 2479 boc
355 2415 449 2478 bodie
464 2415 537 2478 lieet
550 2435 642 2479 causa
658 2416 883 2479 alimentorum
898 2424 929 2477 et
943 2417 1142 2482 sustentatio

169 2505 236 2582 nis3
259 2511 289 2566 et
316 2503 410 2568 Sacra
437 2502 589 2586 Congreg.
615 2505 720 2585 Episc.
746 2514 777 2567 et
804 2504 939 2585 regular.
962 2504 1031 2567 vult
1054 2505 1141 2586 quod

164 2595 294 2676 puellae,
311 2595 406 2656 etiam
420 2593 452 2656 in
466 2593 762 2674 congregationibus
774 2603 919 2658 votorum
932 2593 1140 2676 simplicium,

169 2681 208 2745 ad
233 2681 460 2763 professionem
484 2683 552 2745 sine
574 2683 647 2745 dote
667 2701 730 2745 non
747 2683 964 2758 admittantur,
988 2683 1051 2746 nisi
1073 2683 1142 2747 dis·

168 2772 312 2922 ppnsatio
333 2771 366 2834 in
380 2771 443 2834 hoo
458 2770 552 2834 luerit
573 2771 614 2833 ab
632 2771 743 2834 eadem
770 2771 864 2836 Sacra
890 2771 1142 2853 congregatione

157 2877 186 2926 «ο
210 2868 305 2924 teuta.

206 2969 370 3044 Quantitas
393 2965 475 3030 dotis
495 2986 512 3029 a
531 2965 611 3030 Sede
631 2967 811 3049 Apostolica
831 2966 1036 3030 determinari
1061 2969 1142 3033 solet

162 3059 199 3120 iu
214 3056 442 3139 approbatione
456 3055 612 3133 Instituti;
629 3065 660 3118 et
673 3057 698 3117 si
710 3063 786 3118 tunc
797 3055 829 3118 id
844 3073 907 3119 non
920 3054 979 3118 luit
992 3054 1137 3122 deterrui·

161 3156 290 3220 natum,
304 3145 380 3208 huie
394 3143 557 3207 emissioni
574 3145 613 3206 ab
627 3143 754 3208 Ordinis
772 3143 943 3226 superiore,
957 3144 1007 3207 uel
1023 3146 1064 3208 ab
1079 3145 1137 3210 Ora

157 3235 290 3298 dinario
303 3233 479 3315 suppletur,
497 3234 551 3313 qui
566 3234 661 3296 etiarn
676 3233 780 3296 dotem
795 3251 920 3311 augere,
929 3233 1015 3315 justa
1030 3253 1134 3312 causa,

166 3331 308 3406 possunt.
337 3322 396 3385 Pro
422 3321 594 3384 minuenda
616 3330 722 3384 tamen
739 3329 810 3384 taxa
834 3323 901 3403 jam
915 3320 1139 3403 determinata,

166 3429 290 3494 semper
304 3411 341 3473 ad
361 3413 390 3474 S.
414 3410 565 3491 congreg.
584 3411 688 3491 Episc.
706 3418 737 3475 et
752 3410 887 3490 regular.
910 3421 957 3473 est
971 3429 1140 3476 recurren-

157 3501 254 3564 dum.
268 3497 305 3564 V.
325 3501 379 3562 Des
396 3499 630 3572 Communcute's,
647 3509 719 3572 ete,
741 3498 783 3561 n¹'
797 3499 867 3572 334,
885 3500 954 3562 335.

206 3587 371 3651 Solvendae
385 3595 459 3650 sunt
478 3587 566 3650 dotes
580 3606 661 3663 aere,
679 3605 740 3650 non
757 3598 861 3650 autern
879 3589 969 3652 bouis
983 3587 1138 3654 immobi-

165 3677 273 3753 libus;
296 3694 384 3738 sacra
413 3683 518 3738 tamen
544 3674 751 3757 congregatio
777 3675 939 3742 licentiam
966 3677 1054 3741 dedit
1082 3680 1138 3744 ali·

156 3765 295 3848 quando
310 3763 541 3827 illaseeusibus
563 3763 716 3828 solvendi.
737 3764 800 3832 Nec
813 3765 906 3830 debet
931 3769 1136 3851 monasterio,
