2552 4204
484 245 570 289 exeun
590 244 723 288 rnnrtus.
1037 227 1093 286 ‘lte

115 342 138 404 si
152 341 348 404 benediceret
361 359 484 422 aquam,
501 340 632 422 nuptias,
647 339 775 415 fructus,
794 345 866 416 etc,
879 339 965 418 juxta
980 337 1088 400 solem·

116 431 226 492 nitates
241 431 279 492 ab
292 431 428 492 Ecclesia
440 430 640 511 praescriptas.

156 519 259 582 Semel
288 521 409 581 incursa
435 537 593 598 suspensio
619 517 733 599 ubique
773 535 952 598 suspensum
980 515 1094 601 alligat,

115 608 246 692 proinde
258 609 349 669 etiam
361 616 443 670 extra
458 609 613 670 dioecesim
630 605 852 688 suspendentis.

155 701 224 760 Non
240 704 341 758 autem
364 715 528 778 suspensus
543 697 685 758 eximitur
703 695 741 756 ab
755 694 938 774 obligatione
956 693 1093 756 cilicium

114 786 275 862 recitandi,
291 786 390 848 missae
405 785 614 860 interessendi,
631 791 819 848 sacramenta
833 783 1011 864 recipiendi.

153 878 227 938 857.
254 875 377 948 Quaerit.
400 879 447 946 An
475 876 635 954 suspensio
657 873 752 956 possit
777 871 848 934 ferri
871 873 910 934 ob
937 879 1090 954 peccatum

114 963 254 1027 veniale?

154 1056 248 1134 Resp.
262 1053 414 1135 Quidquid
424 1054 527 1116 dicant
536 1053 684 1122 nonnulli,
698 1052 833 1114 veribset
843 1051 1091 1114 communissimd

114 1149 237 1204 tenetur
259 1143 341 1222 quod
360 1143 456 1224 gravis
477 1143 637 1223 suspensio
658 1160 719 1203 non
743 1140 837 1222 possit
856 1141 959 1202 inlerri
982 1141 1039 1202 nisi
1052 1141 1095 1203 ob

116 1231 245 1293 mortale
262 1241 428 1312 peccatum,
445 1235 517 1313 quia
529 1232 618 1313 culpa
632 1230 720 1294 debet
737 1249 834 1312 poenae
849 1229 1088 1312 proportionari:

115 1321 199 1383 unde
216 1321 301 1383 nulla
313 1329 389 1383 esset
399 1322 556 1404 suspensio
567 1321 664 1402 gravis
674 1321 731 1383 lata
741 1321 781 1383 ob
790 1321 906 1382 veniale
916 1327 1088 1402 peccatum3

116 1410 140 1470 si
158 1416 263 1471 tamen
283 1411 441 1490 suspensio
456 1429 518 1472 non
533 1418 611 1472 esset
625 1409 741 1490 gravis,
757 1409 803 1472 vel
817 1411 841 1470 si
860 1417 937 1470 esset
951 1409 989 1469 ad
1003 1409 1096 1493 breve

116 1497 253 1580 tempus,
268 1508 340 1581 puta
350 1500 386 1560 ad
399 1499 492 1578 diem²
503 1501 550 1562 vel
563 1499 797 1574 hebdomadam,
807 1499 853 1559 vel
869 1499 893 1560 si
905 1505 983 1560 esset
993 1499 1094 1561 solbm·

116 1587 253 1650 lerendae
275 1591 431 1650 sententiae
450 1596 481 1650 et
504 1609 565 1650 non
587 1589 711 1650 deberet
732 1587 829 1667 inlligi
848 1588 962 1668 absque
982 1589 1094 1668 praevie·

117 1678 300 1753 monitione,
322 1685 420 1759 posset
440 1675 543 1738 inferri
564 1677 604 1738 ob
619 1677 733 1738 veniale
756 1683 914 1756 peccatum
925 1696 935 1748 3
954 1677 1007 1736 sed
1030 1695 1091 1738 non

117 1767 239 1828 ridetur
253 1786 339 1848 posse
353 1767 416 1828 lieri
429 1767 593 1848 prudenter
608 1765 665 1826 nisi
681 1765 711 1826 in
722 1764 921 1826 monasteriis.

158 1859 308 1928 Quaenam
327 1856 386 1916 sint
405 1854 619 1934 suspensiones
638 1854 670 1914 in
688 1853 873 1933 particulari,
884 1851 952 1914 vide
970 1853 1001 1913 in
1020 1853 1089 1914 Ma·

118 1946 217 2016 nunti,
234 1956 269 2004 n⁰
283 1947 372 2006 6598.
385 1939 424 2000 lli
439 1939 544 1999 Const.
561 1937 663 2014 Apost.
681 1935 770 1996 Sedis.

159 2022 293 2095 Quilibet
301 2019 502 2080 confessarius
510 2022 606 2095 polest
618 2019 772 2076 absolvere
785 2017 802 2074 b
814 2013 1010 2093 suspensione
1026 2022 1086 2068 nou

121 2113 292 2184 reservata;
309 2106 441 2186 religiosi
455 2105 525 2166 vero
541 2123 577 2166 ex
591 2105 745 2185 privilegio
754 2099 1042 2184 possuntubsolvere
1051 2093 1089 2156 ab

119 2201 206 2264 ontni
234 2195 432 2278 suspensione
453 2195 484 2254 in
507 2193 572 2255 loro
591 2195 794 2256 conscientiae.
822 2189 963 2273 Episcopi
986 2195 1086 2249 autem

121 2292 253 2370 possunt
267 2287 357 2348 etiam
370 2283 522 2345 absolvere
536 2285 553 2344 ὲ
572 2283 820 2362 suspensionibus
833 2282 922 2362 Papae
934 2277 1089 2342 reservatis

121 2382 137 2440 b
150 2379 234 2459 iure,
251 2377 275 2436 si
288 2373 466 2456 proveniant
480 2391 514 2434 ex
527 2371 635 2434 delicto
647 2371 767 2434 occulto
781 2378 811 2432 et
827 2389 889 2432 non
910 2369 1038 2429 deducto
1051 2366 1094 2426 ad

122 2469 225 2530 lorum
249 2465 484 2526 contentiosum.
504 2463 610 2542 (Trid.‚
630 2480 702 2522 sess,
716 2465 765 2535 tl,
781 2479 809 2522 c.
825 2463 868 2536 6)
884 2457 1025 2518 Ablatum
1046 2463 1096 2514 est.

123 2557 242 2618 dictum
258 2553 447 2634 privilegium
460 2551 649 2632 regularibus
670 2566 859 2612 concessum.
875 2547 919 2628 (c,
936 2547 991 2624 Ap.
1003 2542 1095 2618 Sed}

567 2671 584 2751 ς
604 2673 653 2732 lu.

414 2781 416 2784 Ι
489 2799 530 2864 De
560 2797 731 2860 interdicto.

164 2965 236 3026 858.
259 2957 454 3022 Interdictum
468 2961 513 3017 cst
535 2969 656 3014 censura
669 2947 864 3011 ecelesiastica
880 2947 1037 3030 proditam
1054 2948 1095 3010 di·

125 3053 265 3115 ot'norum
279 3050 450 3129 officiorum,
465 3049 713 3104 sacramentorum
727 3038 894 3120 aliquorum
909 3047 938 3099 et
950 3037 1095 3100 eeclesiae·

125 3143 197 3204 ticoe
215 3139 376 3220 sepulture
394 3153 477 3196 esum
496 3138 639 3212 quotenus
655 3136 724 3190 sunt
742 3127 816 3188 tona
834 3125 999 3188 Ecclesiae:
1017 3128 1096 3206 quod

125 3230 249 3294 additur
262 3228 299 3288 ed
312 3225 394 3308 quod
408 3219 682 3285 excommunicatio
700 3217 808 3278 iisdem
821 3216 909 3276 bonis
925 3214 1031 3295 privet,
1045 3217 1097 3278 sed

126 3326 278 3402 quatenus
292 3334 345 3396 per
354 3333 388 3374 ea
401 3309 638 3374 communicatio
649 3307 680 3367 tit
690 3325 760 3368 cum
771 3305 910 3366 fidelibus
921 3325 930 3380 3
942 3307 1105 3384 suspensio

125 3410 200 3472 verb
215 3423 276 3468 non
290 3403 412 3486 proprie
427 3417 516 3462 usum
529 3397 615 3458 illum
632 3393 768 3476 impedit,
784 3393 836 3455 sed
850 3393 1027 3456 exercitium
1046 3415 1099 3476 pc-

126 3496 243 3560 testutis
256 3489 474 3556 ecclesiastice.

165 3583 365 3649 Interdictum
389 3575 472 3641 aliud
495 3583 540 3638 est
564 3573 668 3644 locale,
691 3571 773 3654 quiid
802 3572 975 3635 immediate
1000 3573 1099 3636 locum

127 3675 237 3744 allicit;
251 3669 333 3734 aliud
345 3665 497 3750 personale
510 3662 676 3725 inimediatd
688 3661 822 3724 afficiens
833 3679 978 3744 personas
991 3679 1102 3741 easque

129 3762 244 3844 ubique
265 3775 413 3837 sequens3
434 3754 516 3817 aliud
533 3753 677 3826 mireum,
698 3751 780 3830 quod
799 3750 973 3811 immediate
991 3749 1055 3809 loca
1072 3753 1104 3810 et
