2552 4204
186 291 244 348 trau
443 304 595 347 cucurum
615 302 697 346 runis
720 300 867 346 cruorum.

186 402 358 478 incurrunt,
374 420 410 463 ex
425 421 491 483 cap.
508 406 539 478 2,
555 400 598 462 Dc
612 399 722 469 Const„
741 400 772 461 in
787 404 828 462 θ’.
845 401 957 480 Excipe
978 401 1036 463 nisi
1051 409 1167 483 agatur

184 488 222 549 dc
234 508 266 550 re
280 508 348 569 quae
362 491 394 551 in
408 490 529 571 proprie
548 489 672 550 dioeoesi
694 487 759 550 treci
777 496 952 562 censeatur,
969 489 1037 551 licet
1052 498 1163 554 auctor

185 575 222 637 sit
235 577 344 639 absens
361 599 368 639 :
383 599 411 640 v.
428 599 471 658 g„
489 579 513 639 si
526 576 828 640 excommunicentur
838 595 944 638 omnes
954 577 1006 657 qui
1020 578 1059 638 ad
1070 598 1164 659 syno·

184 663 258 727 dum
269 685 330 727 non
344 667 482 729 vonerint
496 687 502 728 :
519 665 571 728 sed
584 663 770 746 probabilius
784 666 946 746 requiritur
960 673 1034 727 tunc
1047 675 1080 728 ut
1096 669 1161 729 cri·

185 755 296 816 manin
312 756 431 837 propria
445 755 565 818 dioecesi
579 760 819 816 consummetur.
840 754 928 817 Unde
942 755 994 834 qui
1007 755 1163 834 virginem

185 844 350 908 extraheret
365 847 383 907 e
398 845 519 926 propria
535 843 674 915 dioecesi,
692 848 721 903 et
743 849 882 922 stuprum
898 851 980 904 extra
1000 842 1164 906 dioeeesim

187 942 419 1008 consummaret,
437 953 497 993 non
513 933 680 994 incurreret
695 948 838 992 censuras
852 931 883 991 in
898 932 1019 1012 propria
1033 931 1162 994 dioecesi

184 1030 287 1084 contre
300 1029 438 1103 stuprum
452 1021 621 1103 specialiter
632 1021 714 1080 latas.

223 1111 254 1171 Si
268 1109 307 1174 de
320 1113 456 1173 censuris
473 1129 527 1190 per
541 1108 666 1170 mudum
686 1102 829 1189 praecepti
841 1116 963 1188 agatur,
987 1109 1166 1190 disputatur

183 1216 221 1260 en
237 1199 301 1260 ilias
314 1200 450 1262 subditus
470 1201 620 1275 incurrat,
635 1205 704 1259 actu
725 1215 851 1258 manens
874 1203 957 1258 extra
975 1198 1134 1260 dioecesim
1153 1219 1162 1262 ε

183 1286 250 1348 vide
264 1289 394 1349 rationes
408 1307 462 1367 pro
477 1295 506 1349 et
519 1293 623 1349 contra
634 1285 713 1367 apud
728 1287 757 1347 S.
777 1287 896 1365 Liguor.
912 1287 979 1364 (in,
994 1298 1029 1349 n⁰
1042 1287 1095 1368 23)
1107 1287 1166 1369 qui

182 1377 359 1436 sententiam
374 1377 573 1437 affirmantem
587 1375 676 1436 habet
691 1382 723 1436 ut
737 1373 979 1454 probabiliorem.

221 1468 290 1527 820.
314 1465 435 1537 Ouaerit.
462 1471 495 1528 2·
515 1468 562 1526 An
585 1463 667 1546 ligati
692 1465 754 1524 una
776 1467 905 1524 censure
927 1464 1043 1544 possint
1058 1463 1165 1528 adhuc

181 1553 238 1614 ulia
252 1556 381 1617 censure
396 1553 505 1635 ligari?

220 1643 310 1724 Resp.
334 1643 516 1706 Affirmatire
536 1661 543 1702 :
565 1642 628 1704 imd
647 1641 753 1703 eadem
771 1644 898 1703 censura
922 1641 1005 1722 ligari
1029 1648 1162 1722 possunt

180 1731 237 1794 sub
252 1732 442 1807 novotitu10‚
456 1732 501 1794 vet
516 1730 652 1810 ejusdem
666 1731 711 1792 vei
724 1729 844 1792 alterius
859 1730 977 1811 generis
989 1729 1068 1811 (cap.
1087 1729 1163 1794 cum

179 1839 234 1902 pro
254 1819 357 1901 cautu,
377 1819 413 1884 de
425 1828 499 1884 sent.
521 1838 660 1882 cccomm.
671 1838 681 1894 ;
696 1827 726 1882 et
746 1818 893 1884 Clement.
909 1817 1034 1893 Grauis,
1056 1819 1159 1899 ejusd.

179 1911 282 1993 tituli).

625 2045 704 2126 §IV.

336 2185 381 2252 ub
393 2205 480 2270 quam
498 2205 615 2249 causam
629 2186 708 2266 ferri
716 2187 834 2268 possint
849 2206 989 2250 censuere.

215 2353 285 2414 821.
307 2351 390 2413 Ferri
415 2355 541 2432 possunt
558 2350 597 2411 ob
612 2349 710 2412 sotum
725 2359 878 2430 peccatum
893 2359 1064 2430 aeternnm,
1084 2373 1155 2418 con·

175 2450 368 2508 summatum,
385 2458 510 2501 censure
522 2439 791 2520 proportionatum,
805 2440 992 2520 conjunctum
1006 2459 1073 2503 cnm
1087 2464 1156 2506 con·

176 2529 304 2590 tumacid
317 2539 345 2591 et
361 2529 526 2611 proprium.
1143 2597 1148 2618 ‚

213 2619 329 2681 Dicitur
340 2623 372 2680 1ο
385 2619 421 2679 ob
433 2618 524 2679 selum
534 2624 698 2699 peccatum,
711 2618 782 2698 quia
794 2635 931 2679 censurae
945 2624 1016 2680 sunt
1028 2638 1151 2700 poenae:

174 2706 256 2768 unde
270 2706 416 2787 quidquid
437 2708 588 2768 excusata
605 2711 727 2786 peccato
741 2713 863 2768 excusat
876 2708 893 2767 a
907 2708 1035 2768 censura
1049 2728 1056 2767 :
1073 2728 1101 2770 v.
1119 2730 1151 2791 g.

173 2793 404 2870 inadvertantia‚
430 2794 596 2876 ignorantia
617 2793 812 2868 invincibilis,
833 2794 966 2856 defectus
989 2794 1149 2873 tibertatis,

172 2892 242 2961 etc.;
259 2887 321 2948 imd
343 2895 376 2948 ut
398 2886 466 2965 quis
489 2883 581 2964 possit
600 2899 761 2945 censuram
780 2882 953 2956 incurrere,
969 2883 1046 2944 scire
1059 2884 1151 2950 debet

172 2973 244 3036 itlud
262 2993 327 3037 esse
341 2975 398 3036 suh
412 2975 540 3034 censura
554 2969 753 3050 prohibitum,
769 2976 841 3051 quia
854 2971 927 3032 alias
940 2971 1057 3032 deesset
1070 2992 1148 3036 con-

172 3064 311 3126 tumacia.
329 3064 458 3123 Excusat
473 3060 639 3140 ignorantia
655 3058 854 3137 invincibilis,
871 3078 932 3120 non
948 3060 1046 3121 solum
1060 3069 1146 3125 ante-

171 3152 281 3215 cedens
292 3151 343 3214 sed
354 3151 444 3212 ctiam
458 3148 680 3210 concomitans:
698 3147 762 3228 qui,
777 3167 804 3210 v.
816 3167 861 3228 g.‚
876 3149 986 3210 occidit
999 3150 1146 3212 ctericum

169 3239 313 3319 ignorans
326 3257 391 3300 esse
401 3238 555 3314 clericum,
568 3254 629 3296 non
644 3235 769 3297 incurrit
783 3237 1144 3317 excommunicationem,

169 3329 325 3407 quamvis,
349 3344 382 3387 re
404 3326 543 3408 cognita,
566 3323 743 3399 occidisset;
766 3341 853 3386 secus
872 3325 897 3386 si
919 3324 1034 3387 diceret
1055 3346 1062 3386 z
1080 3327 1145 3389 uolo

167 3413 313 3491 occidere,
328 3415 444 3477 etiamst
457 3417 496 3476 sr't
507 3414 644 3475 clericus.

207 3506 273 3565 Non
286 3504 403 3566 videtur
416 3503 497 3584 qued
512 3501 682 3584 ignorantia
696 3499 856 3575 uincibilia,
869 3503 965 3582 quet
979 3503 1061 3583 gravi
1073 3523 1144 3584 pcc-

166 3599 233 3656 cnto
248 3611 309 3654 non
321 3601 457 3666 excusat,
473 3591 566 3673 possit
580 3589 708 3671 practice
722 3606 866 3652 excusare
884 3588 1044 3652 acensura
1060 3591 1141 3675 (cap.

170 3682 212 3745 Ut
219 3683 399 3755 animorum,
412 3681 456 3742 De
471 3680 601 3754 constit„
613 3680 644 3740 in
657 3681 712 3757 6⁰),
723 3677 780 3738 nisi
792 3677 857 3739 haec
870 3677 959 3740 fucrit
972 3679 1029 3740 lata
1040 3681 1140 3744 sotum

167 3772 198 3830 in
209 3779 428 3852 praesumentes,
444 3769 492 3830 uel
504 3769 641 3844 scienter,
652 3774 707 3828 out
721 3767 827 3828 temere
840 3767 952 3827 crimen
962 3775 1138 3848 patrantes:
