2590 4208
511 277 597 324 arnan
617 278 751 324 rnnrrus.
1088 291 1109 340 ὅ
1164 247 1174 257 “

129 403 289 464 severana,
306 400 448 470 suscepta
461 388 608 454 Ecclesiae
620 388 835 468 gubernacula
850 407 914 456 non
932 395 1059 479 reliquit
1080 403 1105 467 ¹,

129 473 195 538 Hac
207 474 248 537 de
260 493 353 538 causa
370 475 409 539 ad
425 477 598 541 Romanam
614 477 785 541 Ecclesiam
802 490 930 562 propter
947 489 1102 564 potentio·
1209 495 1213 502 '

128 580 195 625 rem
208 563 474 644 principalitatem
486 584 613 630 necesse
629 583 752 646 semper
763 575 965 633 eratornnem
983 591 1101 640 eonve-

130 652 198 714 nire
212 651 397 729 Ecclesiam,
414 653 475 718 hoc
488 661 552 730 est,
572 671 645 732 cos,
661 654 716 735 qui
732 663 805 716 sunt
823 656 960 738 undique
975 662 1104 741 lideles,

128 749 164 804 ut
178 740 211 802 in
226 759 262 803 ea
278 739 374 818 Sede,
391 761 408 806 e
428 763 491 826 qua
506 742 695 807 venerandae
719 747 953 810 communionis
974 752 1047 832 iura
1070 755 1105 816 in

129 829 426 908 omnesdimanant,
436 841 599 914 tamquam
607 831 748 895 membra
761 834 791 894 in
804 835 1105 920 capiteoonsociata,

131 915 164 982 in
183 937 282 982 unam
297 920 437 1002 corporis
451 938 637 1004 compagem
652 922 863 986 coalescerent
878 928 900 986 ¹.

172 1007 204 1072 Si
219 1009 290 1090 quis
303 1027 378 1090 ergo
388 1009 512 1084 dixerit,
526 1027 590 1074 non
602 1027 670 1073 essa
680 1029 718 1074 ex
733 1012 830 1091 ipsius
845 1012 960 1078 Christi
976 1016 1102 1082 Domini

133 1097 326 1162 institutione
341 1118 394 1160 seu
403 1098 474 1182 jure
485 1099 606 1178 divino,
621 1107 657 1162 ut
668 1099 779 1162 Beatus
792 1100 900 1166 Petrus
914 1103 947 1166 in
961 1107 1107 1187 primatu

136 1204 233 1269 super
247 1186 425 1250 universam
441 1187 613 1251 Ecclesiam
627 1187 740 1250 habeat
755 1201 922 1271 perpetuos
946 1213 1105 1259 successo·

136 1293 207 1350 res;
236 1285 290 1338 aut
306 1275 484 1340 Romanum
507 1275 690 1342 Pontificem
711 1295 775 1340 non
791 1296 857 1342 esse
881 1281 962 1345 Beati
979 1283 1060 1347 Petri
1074 1284 1111 1346 in

138 1365 250 1428 eodem
266 1365 402 1448 primatu
417 1383 629 1430 successorem
645 1385 655 1444 3
673 1367 842 1431 anathema
856 1369 908 1435 sit.

494 1543 661 1626 CAPUT
689 1544 753 1625 ΙΙΙ.

192 1704 194 1708 ’
221 1729 260 1776 aa
281 1731 310 1776 rr
331 1731 367 1776 ar
389 1729 516 1778 marona
543 1729 689 1776 rainerus
711 1729 825 1778 nouam
854 1729 1027 1784 aonrrnors.

187 1863 386 1941 Quapropter
406 1857 522 1940 apertis
541 1858 641 1920 innixi
657 1875 819 1920 sacrorum
835 1858 1010 1923 litterarum
1027 1863 1118 1926 testi·

146 1949 274 2023 moniis,
292 1957 323 2008 et
341 1947 531 2010 inhaerentes
554 1955 621 2010 tum
644 1945 908 2010 Praedecessorum
932 1948 1120 2015 Nostrorum

146 2039 362 2102 Romanorum
379 2035 587 2112 Pontificum,
603 2043 671 2098 tum
690 2035 901 2100 Conciliorum
920 2039 1119 2118 generalium

145 2123 275 2191 disertis
302 2125 541 2208 perspicuisque
554 2124 703 2201 decretis,
719 2124 908 2188 innovamus
932 2130 1117 2192 oecumenici

145 2215 280 2282 Concilii
307 2215 482 2278 Florentini
507 2213 745 2287 definitionem,
773 2232 837 2296 qua
859 2216 1050 2282 credendum
1079 2217 1121 2280 ah

134 2304 300 2370 omnibns
341 2303 455 2367 Christi
480 2302 627 2366 fidelihus
652 2311 699 2366 est
733 2314 875 2368 sanctam
905 2306 1118 2388 Apostolicam

147 2393 273 2472 Sedem,
289 2403 321 2458 et
342 2394 520 2458 Romanum
544 2393 727 2457 Pontificem
744 2394 776 2454 in
799 2394 982 2457 universum
1008 2398 1117 2460 orbem

147 2495 256 2550 tenere
270 2485 462 2567 primatum,
479 2491 511 2546 et
527 2483 631 2564 ipsum
646 2482 827 2545 Pontificem
847 2483 1024 2548 Romanum
1047 2503 1120 2548 suc·
1180 2481 1181 2486 ’

151 2593 306 2640 cessorem
333 2591 399 2636 esse
427 2572 513 2635 Beati
537 2571 617 2634 Petri
642 2571 793 2652 principis
816 2573 1059 2652 Apostolorum,
1090 2583 1119 2636 et

151 2681 261 2729 rernm
277 2661 391 2726 Christi
408 2661 589 2738 llicarium,
605 2660 765 2740 totiusque
786 2659 932 2724 Ecclesiae
955 2671 1051 2746 caput
1068 2711 1075 2741 ,
1091 2670 1124 2725 et

149 2752 295 2819 omnium
310 2751 560 2816 Christianorum
575 2759 697 2832 patrem
716 2767 751 2812 ac
776 2749 935 2814 doctorem
963 2753 1094 2814 existere
1109 2772 1119 2826 3

149 2854 181 2908 et
204 2842 263 2925 ipsi
280 2841 310 2904 in
323 2841 418 2904 Beato
432 2840 523 2903 Petro
543 2837 702 2922 pascendi,
719 2838 849 2918 regendi
865 2858 900 2902 ac
922 2839 1121 2920 gubernandi

151 2931 362 2997 universalem
384 2929 555 2993 Ecclesiam
581 2947 599 2991 a
624 2928 756 2990 Domino
781 2929 974 2992 nostrolesu
998 2927 1126 2992 Christo

152 3022 280 3100 plenam
292 3027 477 3103 potestatem
490 3017 637 3081 traditam
648 3035 714 3080 esse
724 3039 732 3094 3
741 3018 1011 3098 quemadmodum
1026 3019 1122 3080 etiam

153 3114 184 3176 in
199 3111 294 3192 gestis
308 3109 579 3174 oecumenicorum
592 3105 806 3170 Conciliorum
821 3115 852 3170 et
865 3107 896 3170 in
912 3108 1008 3170 sacris
1023 3123 1122 3171 eano-

150 3200 247 3265 nibus
259 3200 452 3264 continetur.
534 3229 537 3236 »

191 3291 346 3354 lloccmus
367 3285 498 3370 proinde
518 3297 549 3349 et
574 3285 782 3362 declaramus,
807 3285 981 3349 Ecclesiam
1002 3285 1128 3353 ilume-

150 3397 239 3455 nam,
256 3378 446 3460 disponente
461 3374 606 3450 Dornino,
619 3393 713 3456 super
736 3392 847 3438 omnes
863 3375 941 3468 alias
953 3375 1128 3442 ordinarie

152 3468 313 3554 potestatis
339 3466 482 3530 obtinere
496 3465 728 3548 principatum,
744 3471 775 3526 et
789 3465 874 3528 hane
888 3465 1021 3530 Romani
1037 3465 1127 3534 Pon-

182 3639 206 3692 l.
222 3637 248 3689 S.
260 3634 311 3688 hee
322 3633 355 3687 tt.
367 3633 448 3686 serm.
466 3631 517 3684 ΙΠ.
530 3631 572 3693 (al.
588 3630 633 3690 ΙΙ.)
647 3644 702 3696 cap.
714 3629 738 3681 ³.

182 3708 206 3761 Ξ»
223 3708 249 3760 S.
264 3706 327 3758 iren.
343 3707 406 3756 hdr.
422 3703 481 3755 hor.
499 3703 515 3753 l.
529 3703 579 3752 111.
594 3717 619 3754 c.
635 3701 662 3752 3.
682 3708 707 3752 et
720 3701 795 3766 Epist.
809 3703 882 3755 Cone.
894 3705 1007 3772 Aquilai.
1023 3720 1050 3761 a.
1071 3707 1115 3759 38l

154 3781 183 3834 ad
196 3780 308 3836 Gratiae.
323 3777 415 3845 Imper.
430 3789 451 3831 t.
462 3773 487 3828 i.
500 3774 535 3828 Gi.
548 3773 605 3828 Pius
618 3773 650 3826 lI
662 3774 738 3828 Breve
750 3773 836 3842 Super
849 3777 992 3832 soliditate.
