2590 4208
507 321 594 370 trum
615 324 750 375 retract.
1080 309 1118 368 ut

141 453 155 488 i
182 430 265 495 batae
291 431 429 498 fuerunt.
456 436 535 498 Hine
557 436 665 502 amnia
684 433 744 497 sub
765 434 896 497 nomine
915 431 1116 496 tonstitutio·

141 542 155 578 a
182 539 262 582 num
278 524 578 605 comprehendenda
589 531 665 588 sunt
685 546 716 586 a.
732 523 897 598 (Manuale,
914 533 950 584 ιθ
964 508 1069 602 25'22.)
1164 579 1167 583 .
1222 577 1226 589 .

181 608 252 672 939.
277 609 330 674 His
350 615 537 694 praemissis,
558 613 794 678 observandum
816 621 862 674 est
878 631 886 674 ε
905 612 937 670 Ι0
952 609 1116 673 adessela-

142 716 213 775 gem
232 697 379 764 Ecclesia
397 702 618 783 prohibentem
638 702 870 764 iustitutionem
887 717 1042 784 novorum
1067 715 1114 761 or·

141 787 255 848 diuum
271 788 504 870 religiosorum.
527 792 578 856 Sic
597 793 685 856 enim
704 791 866 854 decretum
882 787 940 850 fuit
955 787 995 848 ab
1009 787 1107 848 {nnita

142 873 196 946 ΙΙΙ,
215 876 247 936 in
263 875 403 942 Concilio
421 882 621 944 Lateranensi
637 881 676 944 tv
694 900 702 942 :
720 902 736 940 a
757 880 800 943 Ne
815 877 915 940 nimia
930 875 1120 954 religionum

146 985 160 1019 ο
185 964 350 1028 diuersitas
365 987 492 1047 gravem
518 972 550 1032 in
566 969 740 1032 Ecclesiam
762 967 817 1030 Dei
833 964 1052 1030 confusionem
1069 963 1121 1024 in·
1162 997 1165 1002 ·

146 1074 161 1108 a
185 1051 293 1128 ducat,
316 1055 448 1120 firmiter
459 1059 668 1140 probibemus
683 1077 723 1121 ne
737 1059 809 1139 quis
823 1055 864 1119 de
878 1064 990 1118 caetero
1006 1069 1122 1116 novam

147 1163 163 1200 a
189 1141 385 1222 Religionem
407 1148 564 1226 iuveniat3
585 1148 638 1210 sed
654 1149 848 1228 quicumque
867 1146 907 1209 ad
928 1143 1121 1223 Religionem

148 1252 163 1287 a
188 1233 330 1295 converti
351 1235 501 1311 voluerit,
525 1256 622 1300 unam
640 1236 679 1298 de
698 1236 881 1318 approbatis
904 1240 1054 1297 assumat.
1071 1231 1123 1292 Si-

148 1339 165 1377 a
193 1320 284 1382 miler
304 1323 359 1402 qui
374 1324 509 1387 voluerit
530 1326 710 1405 religiosam
734 1325 865 1388 domum
889 1323 928 1386 de
953 1339 1036 1386 novo
1051 1319 1124 1382 fun·

150 1428 166 1466 a
192 1407 287 1485 dare,
316 1412 459 1490 regulam
481 1421 510 1476 et
535 1413 766 1476 institutionem
788 1414 920 1493 accipiat
945 1411 985 1474 de
1010 1426 1125 1491 appro-

155 1519 170 1555 ι
195 1497 341 1560 tantist».
357 1501 479 1564 Titulus
494 1510 598 1565 autem
614 1503 709 1584 hujus
724 1503 836 1582 capitis
848 1504 892 1564 sic
906 1500 998 1564 babet
1014 1520 1021 1562 :
1041 1497 1123 1560 «No-

154 1607 168 1645 a
195 1605 266 1648 vam
278 1587 473 1667 Religionem
489 1609 551 1654 non
568 1591 640 1654 licet
654 1592 844 1653 constituere
859 1593 927 1652 sine
942 1589 1127 1651 auctoritate

154 1697 169 1734 a
195 1676 327 1763 Romani
342 1679 501 1742 Pontificis
521 1702 551 1742 a.
579 1679 663 1743 idem
680 1679 739 1740 init
760 1679 922 1741 decretum
945 1676 1130 1754 aGregorio

155 1765 193 1841 X,
211 1783 296 1828 anno
312 1765 399 1841 ture,
417 1768 448 1829 in
471 1769 604 1832 concilio
621 1768 825 1848 Lugdunensi
841 1767 877 1830 ΙΙ.

197 1853 234 1915 ut
255 1851 315 1915 sub
338 1856 464 1936 praefata
487 1858 701 1940 prohibitione
716 1855 1029 1938 comprehenduntur
1050 1854 1128 1934 ipsi-

156 1951 222 2009 met
236 1943 394 2025 Episcopi,
408 1954 442 2006 ut
453 1955 575 2008 constat
587 1947 714 2008 Extrar.
726 1945 842 2008 Sancte
856 1946 1009 2012 Romana,
1025 1943 1069 2004 ue
1081 1962 1131 2001 re·

158 2033 213 2112 lig.
239 2031 378 2106 dantibus,
395 2034 525 2096 loannis
543 2035 636 2111 xxti,
661 2036 771 2116 inqua
794 2034 935 2096 Pontifex
958 2033 1066 2095 statuit
1082 2032 1131 2092 in·

158 2138 252 2201 super
274 2121 390 2182 dictam
416 2123 663 2203 prohibitionem
690 2143 757 2188 esse
783 2125 915 2186 omnino
941 2123 1129 2185 irritantem.

160 2207 208 2289 (V.
227 2209 367 2272 Manuale
382 2221 417 2271 n⁰
432 2210 535 2293 2325).

200 2297 418 2360 Communiter
434 2309 537 2364 autem
563 2303 737 2382 prohibitio
759 2302 962 2381 intelligitur,
982 2319 1046 2364 non
1063 2308 1131 2362 tan·

160 2396 229 2450 tum
245 2387 282 2448 de
302 2387 517 2467 Religionibus
533 2393 660 2474 proprie
682 2391 785 2467 dictis,
808 2390 862 2454 sed
877 2391 916 2452 de
935 2391 1023 2454 omni
1041 2390 1132 2450 [nsti-

161 2485 231 2539 tuto
246 2475 409 2554 religioso,
426 2479 521 2540 etiam
538 2479 712 2562 improprie
732 2481 834 2556 dicto;
852 2481 927 2560 quia
943 2498 1004 2540 vox
1018 2479 1133 2556 Religio

162 2585 227 2648 qua
242 2567 340 2628 utitur
355 2563 557 2630 innocentius
571 2569 627 2646 ΙΙΙ,
647 2568 801 2642 nondum,
831 2585 889 2629 suo
904 2585 981 2640 aevo,
1004 2569 1134 2628 restrin-

162 2655 295 2735 gebatur
310 2654 348 2716 ad
370 2655 501 2719 Ordines
516 2657 679 2738 inquibus
694 2657 919 2720 emittebantur
934 2662 1006 2718 vota
1022 2655 1135 2717 solem·

164 2746 234 2822 nia;
258 2754 288 2806 et
304 2745 433 2826 insuper
447 2748 522 2828 quia
537 2747 562 2808 si
577 2746 626 2808 lex
641 2765 704 2809 uon
721 2755 801 2808 esset
819 2747 863 2808 sic
879 2747 1083 2826 interpretata
1099 2745 1137 2804 lr-

165 2853 239 2896 nem
261 2837 457 2916 propositum
474 2854 538 2899 non
560 2835 733 2906 obtineret,
757 2835 876 2897 scilicet
892 2833 1085 2914 impediendi
1102 2853 1138 2892 aa

165 2923 262 2984 nimia
286 2923 462 3004 religionum
479 2925 635 2988 diuersitas
654 2943 771 3002 grauem
787 2929 819 2986 itt
840 2921 974 2986 Ecclesia
988 2921 1131 2999 confusia-

166 3032 230 3073 uem
244 3011 374 3074 t'udttcat.
945 3037 950 3047 ·

208 3106 276 3164 940.
302 3103 466 3178 Attamen,
489 3121 507 3166 a
528 3102 636 3166 multis
651 3103 758 3178 annis,
782 3102 984 3183 aliquatenus
998 3098 1138 3178 mitigata

169 3189 229 3254 suit
245 3191 440 3266 interdictio;
464 3199 509 3266 et,
526 3193 672 3273 quamuis
695 3195 790 3254 etiam
806 3210 891 3253 nunc
907 3188 1048 3250 instituta
1065 3189 1143 3250 reli-⁴

169 3281 269 3361 giosa‚
290 3281 357 3342 sine
373 3281 494 3344 Sanctae
515 3280 602 3344 Sedis
625 3281 870 3363 approbatione,
891 3287 1051 3359 nequeant
1066 3297 1141 3361 per·
1195 3309 1199 3314 ·

170 3383 336 3433 manenter
361 3379 391 3432 et
422 3370 565 3433 absolute
586 3371 724 3444 institui,
748 3371 790 3431 ita
814 3377 850 3431 ut
873 3369 903 3428 in
923 3369 968 3429 cis
990 3369 1049 3429 tria
1071 3377 1141 3434 vota

171 3461 355 3543 profitentes
374 3461 437 3522 sint
452 3461 515 3522 veri
535 3467 565 3520 et
579 3462 708 3540 proprie
724 3458 800 3520 dicti
824 3457 975 3537 religiosi,
999 3455 1141 3520 inchoari

171 3548 534 3631 nihiloniiauspossunt,
552 3549 648 3610 mado
662 3547 692 3609 id
707 3548 761 3609 liat
775 3545 993 3630 exepiscopali
1004 3546 1130 3608 licentia

203 3793 227 3844 Ι.
242 3790 295 3844 tit.
307 3789 329 3850 3,
348 3789 441 3838 liceret.
459 3785 496 3835 tit.
514 3783 587 3843 att-a
606 3783 629 3833 9.
