2604 4196
219 263 279 321 516
496 274 648 318 acaunum
668 271 750 318 aunis
771 271 918 319 canonici.

226 400 239 432 a
262 377 368 436 uacnlo
379 393 536 454 nunquam
551 374 733 448 extrahatur,
744 372 809 449 sed,
821 372 920 454 pixide
928 371 1034 446 velata,
1046 370 1202 452 inaperta

226 462 396 542 «ejusdem
418 463 604 524 tabernaculi
631 462 758 538 ostiolo,
778 480 849 524 cum
871 459 1039 522 assistentia
1062 459 1201 541 alicujus
1284 537 1285 540 Ἴ

226 573 241 610 a
261 550 424 613 sacerdotis
433 551 507 613 stola
515 560 544 613 ct
554 551 771 633 superpelliceo
785 549 892 621 induti,
904 553 1010 610 etcum
1022 565 1073 608 sex
1086 547 1202 609 saltem

228 673 241 708 n
264 649 431 711 luminibus
443 649 539 712 cereis
553 650 733 723 collocetur;
745 647 828 728 quod
843 647 923 708 idem
936 647 968 706 in
981 645 1117 706 ecclesiis
1131 665 1195 708 sae·

230 761 244 796 x
264 737 414 800 cularium
429 739 539 800 servari
555 737 734 800 mandamus
755 758 785 797 a.

264 827 322 887 Pro
343 826 515 905 hujusmodi
535 825 771 906 expositionibus
791 830 909 885 nonest
927 822 1095 884 necessarid
1112 821 1202 883 obti-

227 915 325 976 nenda
341 915 470 990 licentia,
487 915 579 977 modd
593 914 761 976 benedictio
771 931 841 974 cum
856 914 909 974 SS.
922 914 1117 982 Sacramentc
1133 929 1202 972 non

224 1003 313 1065 detur
327 1011 489 1084 antequam
504 1004 661 1065 obseratur
674 1001 913 1063 tabernaculum.

266 1093 439 1155 Notandum
462 1093 552 1152 etiam
576 1091 673 1172 quod,
704 1110 740 1152 ex
763 1093 889 1152 'Decreto
914 1089 1081 1150 innocentii
1106 1091 1176 1150 Xlll
1191 1133 1204 1165 ,

229 1185 242 1242 1
260 1186 335 1260 sept.
354 1185 442 1254 1730,
458 1180 777 1260 prohibentnrapponi
790 1183 909 1251 statuae,
920 1177 1066 1258 reliquiae,
1080 1177 1204 1239 acima-

226 1269 313 1350 gines
327 1269 499 1331 animarum
512 1269 680 1350 Purgatorii
701 1271 732 1330 in
747 1268 833 1330 altari
847 1267 899 1329 ubi
918 1266 951 1328 fit
964 1265 1125 1346 expositio,
1143 1267 1201 1329 sed

231 1358 301 1437 poni
314 1365 441 1438 possunt
451 1359 552 1439 angeli
565 1358 747 1420 adoratores.

267 1448 301 1507 In
319 1447 405 1508 altari
425 1446 457 1512 in
476 1466 537 1528 quo
551 1449 605 1509 SS.
625 1451 853 1509 Sacramentum
868 1451 912 1506 est
930 1445 1118 1526 expositum,
1136 1463 1202 1506 non
1284 1447 1285 1450 ’

230 1535 296 1597 licet
309 1543 429 1596 cantare
444 1536 489 1596 vel
499 1535 650 1598 celebrare
665 1535 799 1608 missam,
817 1535 873 1596 nisi
887 1552 942 1615 pro
956 1552 992 1594 eo
1006 1533 1201 1612 reponendo;

228 1631 280 1686 aut
291 1623 346 1685 nisi
360 1622 460 1686 desint
471 1625 528 1686 alia
537 1625 641 1685 altaria
653 1624 684 1684 in
697 1623 807 1702 quibus
816 1621 959 1684 celebrari
968 1621 1071 1701 possit,
1083 1627 1112 1682 et
1126 1621 1204 1684 cele·

230 1712 336 1774 brandi
350 1717 489 1776 occurrat
499 1713 670 1784 necessitas
680 1711 725 1773 vel
737 1711 842 1772 saltem
851 1729 942 1772 causa
956 1709 1154 1783 rationabilis,
1167 1719 1203 1772 ut
1284 1713 1285 1720 ’

231 1807 415 1882 praeceptum
437 1801 577 1864 audiendi
598 1801 742 1875 missam,
769 1799 816 1862 vel
835 1817 873 1861 ne
892 1805 1114 1861 sacramentnm
1133 1799 1202 1862 sind
1284 1813 1285 1816 ’

231 1891 436 1952 adoratoribus
463 1891 668 1970 relinquatur,
692 1889 738 1952 vel
760 1888 894 1968 longaeva
916 1887 993 1948 adsit
1012 1888 1202 1950 consuetudo
1284 1897 1285 1902 ’

230 1978 406 2038 difficillime
427 1978 492 2039 sine
514 1978 679 2039 offensione
703 1977 909 2057 abrumpenda
930 1975 975 2056 (S.
999 1977 1034 2036 R.
1056 1977 1102 2053 C,
1126 1995 1199 2056 ang.

233 2070 326 2137 1676,
350 2077 384 2126 n⁰
403 2069 497 2136 23563
516 2070 550 2126 l3
568 2066 635 2146 jun.
657 2069 752 2138 1671,
769 2077 803 2126 n⁰
825 2069 903 2127 2390
916 2068 949 2140 6;
966 2065 1145 2141 Gardellini,
1161 2067 1202 2126 In

234 2154 320 2216 lustr.
344 2155 490 2216 Clement.
502 2155 544 2235 ,ξ
561 2159 618 2230 12,
635 2153 675 2215 nn
691 2155 758 2232 1-7)
775 2173 782 2214 :
798 2153 872 2214 ratio
886 2153 977 2234 huJ'us
990 2153 1202 2234 prohibitionis

230 2251 276 2306 cst
290 2251 322 2305 ut
339 2243 469 2324 populus
483 2243 648 2305 adorationi
663 2245 715 2306 SS.
739 2243 828 2304 unice
844 2242 880 2304 sit
894 2243 1039 2304 intentus.
1086 2235 1204 2314 (Decet

231 2339 332 2394 autem
358 2341 390 2393 ut
413 2333 466 2394 SS.
492 2333 720 2394 Sacramentum
739 2339 905 2412 exponatur
927 2331 956 2390 in
978 2331 1084 2410 maiori
1102 2329 1237 2407 alunt·

232 2419 316 2482 ldem
328 2421 377 2482 dic
386 2419 424 2482 de
438 2422 666 2498 communione,
681 2439 818 2500 quaenon
833 2427 878 2481 est
892 2418 990 2480 danda
1004 2420 1035 2480 in
1048 2419 1132 2482 altari
1147 2419 1202 2482 nbi

232 2509 284 2570 SS.
305 2509 480 2590 exponitur,
499 2529 535 2572 ex
553 2509 705 2571 decisione
724 2511 754 2570 S.
776 2510 811 2570 R.
829 2509 953 2589 Congu,
970 2513 1007 2570 la
1023 2527 1092 2571 nov.
1110 2512 1198 2571 1831.

272 2601 306 2659 11
322 2599 406 2659 onmi
426 2599 515 2660 missa
534 2601 652 2660 cantata
665 2615 766 2659 coram
782 2598 834 2658 SS.
853 2599 1046 2658 Sacramentc
1065 2599 1201 2677 exposito
1238 2595 1244 2604 '

235 2686 324 2746 etiam
348 2686 378 2746 in
405 2687 506 2767 pixide
528 2687 665 2763 tantiam,
688 2685 777 2747 debet
797 2685 904 2746 ultimo
925 2686 991 2746 loco
1010 2685 1081 2765 poni
1099 2687 1201 2750 Oratio

233 2775 284 2836 SS.
305 2776 489 2836 Sacranienti
506 2795 513 2835 :
528 2777 557 2834 in
573 2774 654 2836 festis
668 2778 794 2838 auteml
811 2779 873 2836 eta
887 2774 1005 2849 1115515,
1021 2773 1130 2835 dicitur
1143 2775 1202 2838 sub

235 2865 324 2926 unica
338 2864 533 2926 conclusione
549 2864 592 2945 (S.
618 2867 653 2925 R.
670 2865 715 2937 6.,
732 2867 770 2926 23
781 2863 849 2944 jun.
867 2865 964 2940 1756,
979 2867 997 2924 7
1014 2863 1197 2944 1111111716).

233 2955 263 3016 61
278 2958 309 3015 11
325 2954 421 3016 Festis
436 2953 608 3033 huiusmodi
623 2963 759 3014 occurrat
773 2952 1021 3014 conunemoratic
1035 2952 1200 3017 Dominicae

233 3043 277 3103 vel
290 3045 364 3117 alia,
380 3043 479 3104 Oratio
495 3043 533 3102 de
548 3045 600 3104 SS.
618 3043 812 3104 Sacramentc
826 3041 935 3102 dicitur
948 3041 1055 3102 ultimo
1070 3041 1154 3118 loen,
1169 3051 1201 3105 et

232 3131 514 3192 commemorationi
532 3130 671 3211 jungitur
693 3130 736 3210 (S.
760 3131 794 3190 R.
813 3128 1030 3206 6.,301111111
1051 3131 1148 3208 1761).
1163 3132 1198 3192 11

233 3218 330 3280 missis
340 3220 459 3298 privatis
470 3217 715 3280 commemoratio
725 3217 1057 3280 SS.Sacramentititad
1067 3217 1194 3284 libitum.

276 3329 289 3364 a
311 3311 344 3368 ln
359 3307 565 3369 benedicendo
580 3308 726 3389 populum
737 3325 808 3369 cum
823 3308 875 3368 SS.
890 3308 1099 3384 Sacramentc,
1115 3306 1196 3370 cele·

236 3395 364 3456 ‹rbraos
389 3397 462 3456 nibil
485 3397 600 3470 dicere,
624 3403 762 3458 cantores
784 3401 817 3477 let
843 3395 950 3457 musici
976 3394 1049 3455 nihil
1074 3410 1196 3477 linoque

236 3505 250 3542 n
271 3503 379 3546 canere
395 3485 513 3545 interim
527 3486 649 3558 debent,
666 3485 703 3546 ad
717 3484 923 3565 praescriptum
935 3483 1051 3545 Ritucl.
1068 3485 1193 3550 nomon.

236 3593 251 3632 n
271 3581 301 3636 et
316 3573 436 3636 Gerena.
450 3574 608 3655 Episcopi,
621 3574 827 3634 nonobstante
842 3580 1033 3654 qudcumque
1047 3574 1194 3638 contrarii

236 3682 250 3719 1
270 3663 499 3725 consuetudine.
518 3685 533 3721 o
552 3665 583 3724 S.
600 3665 658 3723 Rit.
670 3663 717 3737 u,
733 3662 807 3722 lebr.
824 3665 921 3737 lica,
938 3665 1075 3724 1104159.

271 3761 398 3824 Produci
406 3761 494 3824 debet
503 3764 521 3822 a
530 3761 658 3842 simplici
667 3759 818 3822 sacerdote
828 3763 953 3822 unicum
963 3759 1060 3822 crucis
1072 3760 1191 3840 signum
