2574 4198
482 301 568 348 66661
590 301 728 348 pennus.
1037 287 1096 351 669

68 435 429 504 '.netur‚camquenon
444 436 571 482 servans
582 418 754 498 presbyter.
773 421 878 484 nonilt
900 421 1091 505 irregularis
1123 416 1126 420 ¹

109 523 151 585 lta
165 518 199 582 S.
212 516 235 579 G
250 515 283 576 C.
300 515 329 573 in
343 512 373 574 S.
390 509 513 590 Apule
526 507 690 571 Gothorum
702 508 1090 580 661666316863111663.

101 633 104 642 ’
148 613 203 672 110
218 604 287 668 Non
305 602 427 663 videtur
443 595 751 679 quodsuspensio-ex
765 599 932 664 informata
946 609 1091 668 concien-

93 703 152 764 616
165 694 294 781 6616616
313 687 712 758 666116636363111·11,6661
722 686 898 752 Concilium
914 712 977 754 non
990 697 1089 776 loqua-
1112 762 1115 768 ,
1219 719 1222 724 ·

73 814 80 826 ·
107 801 160 855 tur
175 787 214 850 de
231 780 407 853 beneficiis.
427 776 564 840 Tenetur
578 786 683 838 tamen
707 777 926 841 beneficiarius
954 787 1000 846 sic
1024 805 1093 846 sos-

94 866 230 966 fpensus
245 872 311 934 suis
328 865 507 948 sumptibus
523 873 698 929 sustentare
716 866 807 930 illum
822 869 876 949 qui
891 869 925 930 in
946 890 1004 936 suo
1022 875 1092 935 offi-

65 966 161 1035 licio
176 960 389 1029 substituitur.
421 1039 423 1044 ,

151 1057 204 1121 {20
217 1055 309 1116 Juxta
322 1047 471 1114 Stremlei
485 1047 555 1123 (1163
572 1047 672 1126 peleos
693 1046 937 1130 ecclesiasticum,
964 1070 994 1129 p.
1023 1051 1093 1135 327)

109 1149 289 1231 Episcopus
304 1157 359 1218 pec
374 1137 512 1217 seipsum
529 1135 942 1218 solumsuspenilenepotest
957 1141 1093 1222 eoiusor·

111 1236 195 1302 moto
210 1228 443 1296 6666616611666
458 1225 544 1306 qnod
559 1224 698 1287 Trideut.
710 1221 827 1289 desolo
844 1229 1093 1309 6616616663-

111 1343 173 1392 tur.
192 1325 261 1388 lmo
282 1321 371 1400 Juxta
394 1315 541 1376 eumdem
562 1313 1092 1400 61666136111636636361161366,

110 1417 192 1482 Sede
208 1403 828 1484 6363616,63666666363113361131663,
847 1408 1092 1474 31611316163161

110 1510 157 1571 sic
171 1502 372 1568 sentientem.
392 1493 481 1556 Unde
496 1511 513 1554 3
529 1493 583 1553 1311
601 1493 768 1570 irroganda
782 1489 934 1557 sententia
953 1517 1009 1574 pru
1029 1500 1092 1562 len-

110 1609 159 1660 ter
173 1585 360 1656 abstinebit.
378 1582 523 1644 vicarius
536 1599 610 1644 vero
634 1582 802 1662 generalis
831 1587 975 1664 66361616
996 1589 1093 1666 possit

109 1699 283 1750 censuram
300 1673 463 1737 notificare
486 1689 522 1732 ex
556 1672 706 1732 mandato
728 1672 881 1753 episcopi,
896 1693 965 1734 eam
986 1685 1091 1740 tamen

110 1776 193 1839 1366
223 1765 344 1846 nequit.
366 1797 404 1810 -
425 1760 543 1823 Proclilt
566 1760 744 1822 36661881
767 1759 797 1822 S.
822 1759 853 1822 C.
881 1761 1092 1846 Propaganoae

113 1861 205 1926 Fidei
221 1853 390 1920 instructio
404 1867 501 1932 quam
518 1848 550 1910 in
567 1867 640 1929 app.
658 1849 822 1910 referimus
836 1869 867 1911 n.
885 1847 949 1914 Xll.

516 2025 639 2090 CAPUT
659 2025 682 2088 l.

308 2159 346 2204 DE
361 2156 461 2203 effluis
472 2151 703 2202 uectustes'ucls
730 2153 761 2198 IN
774 2153 902 2204 annullo.

80 2325 83 2328 ,
147 2255 226 2320 801.
243 2251 301 2313 Pei
313 2263 423 2329 poenas
437 2245 476 2306 de
490 2241 607 2324 quibus
623 2241 674 2303 hic
689 2242 802 2322 agitur,
827 2245 958 2328 intelligi
975 2248 1093 2324 debent

105 2356 292 2420 delictorum
306 2341 564 2415 concitioucs‚sice
578 2339 1093 2425 616613166661631611666661166
1126 2411 1127 2414 ,

106 2439 349 2510 emendationem
362 2433 506 2496 1666616.

107 2537 155 2597 Ex
176 2534 238 2594 hac
259 2523 441 2592 delinitione
464 2519 606 2600 sequitur
623 2535 681 2580 neo
697 2518 955 2600 irregularitates,
981 2528 1093 2593 saltem

108 2643 146 2687 ex
159 2621 292 2703 desecto,
310 2632 367 2674 nec
383 2608 608 2690 impedimenta
626 2606 834 2683 matrimonii,
852 2629 911 2674 nec
922 2619 1092 2683 revocatio.

109 2730 184 2776 nem
200 2704 377 2786 simplicem
394 2697 580 2760 lecultatum
597 2705 651 2757 aut
665 2697 837 2776 gratianum
850 2709 902 2762 361
915 2704 1092 2772 officiorum

108 2797 206 2884 6666
218 2791 438 2877 jurisdictione
450 2785 627 2848 voluntarie
643 2785 791 2862 6366661,
810 2806 877 2849 esse
896 2809 1007 2869 poenas
1020 2816 1091 2866 nco-

82 2947 89 2955 .
108 2887 303 2972 6316616136,
319 2879 469 2944 3166666
485 2874 549 2936 sint
564 2872 701 2934 inductae
716 2873 753 2933 ad
765 2874 940 2955 disciplinae
957 2882 1091 2958 pubtjpae

84 3010 87 3015 ·
107 2973 381 3042 emendationem.

147 3065 212 3129 Nec
224 3062 320 3125 etiam
333 3052 565 3131 contundendae
575 3056 649 3113 sunt
664 3067 767 3130 poenae
780 3052 904 3132 propcie
914 3054 1005 3120 diclae
1018 3077 1090 3123 cum

107 3153 262 3238 operibus
274 3143 488 3212 satisfactoriis
513 3138 741 3202 aconiessetiis
759 3141 787 3199 in
809 3157 1006 3209 secraniento
1022 3167 1089 3228 poe.

108 3243 251 3306 nitentiae
267 3236 440 3318 impositis:
457 3233 524 3294 istae
538 3229 623 3290 enim
640 3227 678 3290 36
697 3226 799 3290 iorum
827 3229 998 3313 internum,
1028 3238 1089 3302 illae

106 3341 213 3397 autem
230 3328 270 3391 ed
281 3336 446 3390 externum
465 3320 633 3401 peulnem.

145 3405 1088 3494 Gornelativaeautemsuntpoenaetculpe‚istamquesemper

105 3511 159 3576 illa
174 3501 395 3592 praesupponit
410 3520 421 3564 .·
440 3499 539 3560 «stne
554 3494 668 3579 (enim)
679 3493 785 3574 culpa,
797 3496 857 3558 nisi
872 3500 947 3562 subs
962 3510 1086 3578 tcausa,

99 3620 120 3656 «
137 3617 201 3664 non
217 3605 267 3658 est
282 3591 398 3672 uliquis
408 3587 590 3670 puniendus
606 3609 635 3661 ι,
651 3584 806 3665 altregula
821 3587 859 3650 23
880 3589 969 3670 jucis,
995 3593 1026 3653 j„
1057 3592 1088 3654 6⁰

99 3685 241 3753 Proinde
254 3699 351 3765 poeiia
366 3679 468 3759 culpae
481 3694 604 3757 semper
624 3686 670 3736 est
681 3677 971 3758 proportionanda:
988 3701 1002 3734 a
1030 3678 1087 3740 pm
