2590 4208
411 309 414 324 ,
479 269 565 314 rruun
587 269 721 316 runnus.
1056 249 1095 309 ar
1170 295 1173 305 i

160 389 332 474 Gapuocini
348 405 423 452 vero
434 396 464 451 et
474 389 613 452 minores
625 387 873 452 deobservantia
885 403 943 448 nec
957 383 1096 446 uiiorum

118 479 304 552 mobilium,
321 497 379 540 neo
398 477 511 540 domus
530 496 626 560 quam
653 476 812 550 habitant,
836 475 1014 539 dominium
1039 473 1093 532 ira-

119 569 224 646 bent3
249 566 302 628 sed
320 566 504 628 eorumdem
521 567 697 648 proprietas
712 583 808 647 penes
822 561 969 626 Sanctam
985 561 1096 624 Sedem

122 663 242 723 manet.
263 654 377 731 Legata
394 655 524 734 quidem
543 655 683 736 recipere
698 659 847 736 possunt3
876 650 930 713 sed
952 671 1007 732 prr
1032 668 1094 713 mo·

121 746 200 808 dum
217 743 431 816 eleemosinae,
446 745 674 824 quamexigere
689 749 851 822 nequeunt
864 739 1026 820 subpoena
1041 757 1096 800 ex-

121 832 422 897 communicationis
441 833 510 913 ipso
531 831 613 896 iacto
635 831 845 894 incurrendae.
869 827 943 906 Cogi
959 837 1097 890 tamena

122 921 243 984 lubrica
259 919 297 983 8³¹
314 920 396 982 Petri
411 928 542 1002 possunt
554 921 728 1000 legatorum
743 919 901 983 debitores
914 918 953 979 ad
969 917 1023 978 illa
1040 917 1098 979 sol·

123 1008 239 1072 venda.
255 1008 420 1088 (Manuale,
434 1020 469 1070 n⁰
484 1009 588 1090 2792.)

163 1098 231 1160 imo
253 1098 457 1159 denariorum
479 1097 700 1174 contrectatio,
725 1115 798 1180 qum
823 1097 857 1158 fit
872 1096 911 1158 ad
934 1095 989 1158 illa
1005 1095 1098 1157 variis

123 1186 228 1249 modis
251 1186 476 1266 expendenda,
493 1186 679 1268 Capuooinis
693 1194 724 1248 et
741 1185 833 1248 dictis
847 1183 1024 1246 minoribus
1045 1202 1098 1264 per

124 1275 232 1337 Const.
248 1273 428 1337 Sollicitudo
442 1275 577 1337 omnino
591 1274 790 1337 interdicitur
804 1293 812 1344 ;
829 1292 886 1336 nec
901 1273 946 1336 eis
957 1273 1052 1335 etiam
1066 1274 1097 1334 in

124 1365 190 1426 suis
200 1363 340 1425 ecclesiis
353 1365 569 1442 eleemosynas
581 1373 687 1445 petere
703 1365 787 1436 iicet,
801 1363 899 1425 necin
913 1362 1028 1424 eisdem
1042 1362 1096 1424 ha·

123 1451 199 1514 bere
213 1453 427 1532 gazophilacia
439 1452 603 1534 (Manuale,
618 1451 661 1513 ni·
681 1451 884 1532 erra-2795.)

163 1539 233 1602 989.
258 1541 383 1614 Quaerit.
400 1544 434 1603 8⁰
449 1540 495 1602 An
510 1549 621 1604 contra
636 1543 832 1624 paupertatis
843 1548 951 1602 votum
968 1547 1097 1620 peccent

122 1628 262 1708 religiosi
275 1647 384 1690 ruram
400 1647 506 1691 rerum
519 1641 693 1693 conventus
709 1629 902 1710 negligentes
914 1635 946 1689 et
956 1629 1093 1688 sinentes

120 1715 302 1797 disperiret
892 1710 894 1713 ’

165 1807 255 1886 Resp.
275 1807 460 1868 affirmative
482 1825 489 1868 :
513 1807 552 1868 Et
568 1807 606 1870 ad
630 1807 691 1870 hoc
710 1805 871 1868 attendere
888 1804 1024 1866 maxime
1039 1803 1095 1865 de·

124 1893 202 1956 bont
215 1893 295 1954 varii
310 1894 452 1956 officiarii
466 1895 584 1976 quibus
598 1913 675 1958 cura
687 1893 871 1977 huiusmodi
887 1911 992 1955 rerum
1006 1909 1094 1955 com-

122 1982 269 2044 mittitur.
288 1981 337 2064 (V.
354 1983 410 2044 Des
426 1983 660 2060 Communuute'e,
673 1993 747 2063 etc,
762 1989 803 2046 nl·
826 1987 897 2057 tte,
914 1981 1001 2064 etc).

161 2071 288 2145 Quaerit.
307 2069 341 2132 9⁰
356 2073 403 2132 Au
419 2072 506 2134 velut
520 2073 658 2148 domini,
675 2071 810 2155 proinde
825 2091 882 2135 suo
899 2071 1040 2148 arbitrio,
1057 2071 1096 2135 do

123 2159 216 2221 bonis
236 2161 472 2222 communitatis
496 2161 665 2244 disponere
687 2170 807 2244 queant
826 2163 1004 2244 superiores
1026 2161 1093 2225 reli·

122 2246 231 2329 giosii
282 2307 284 2310 ,
901 2320 905 2325 ,

163 2337 255 2418 Resp.
281 2335 423 2416 negative
449 2357 455 2398 :
482 2337 607 2402 Etenim
631 2340 726 2403 etiam
752 2341 929 2422 superiores
954 2341 1094 2420 ligantur

122 2433 197 2489 roto
209 2425 418 2506 paupertatis;
435 2444 493 2489 neo
508 2435 583 2490 sunt
596 2428 717 2492 domini
731 2429 889 2493 honorum
905 2429 1027 2491 ordinis
1042 2441 1095 2490 aut

123 2523 317 2588 conventus;
340 2513 423 2576 unde
446 2532 510 2577 nou
528 2535 587 2599 pro
600 2535 658 2580 sua
673 2526 727 2579 aut
740 2534 871 2579 suorum
887 2518 1024 2578 utilitate
1039 2516 1093 2576 illa

122 2601 344 2664 administrare
365 2601 492 2679 debent,
509 2605 562 2668 sed
579 2623 638 2688 pro
651 2607 737 2669 bono
750 2613 781 2668 et
795 2605 930 2668 utilitate
946 2622 1094 2669 eommu-

124 2692 243 2756 nitatis.
261 2689 371 2774 (ibid,
385 2689 428 2752 n¹·
442 2692 513 2767 566,
528 2692 602 2776 eto.)

573 2857 589 2940 ς
611 2858 647 2922 11.

258 2983 302 3047 De
320 2986 500 3068 odlipatr'one
526 2989 566 3052 od
583 2987 793 3071 perfectionem
816 2987 961 3050 tendendi.

164 3117 237 3183 990.
271 3143 287 3180 a
314 3121 490 3202 Religiosus
505 3141 569 3188 non
585 3134 631 3189 est
648 3135 859 3204 transgressor
874 3124 1097 3208 professionis,

124 3227 141 3266 a
166 3209 270 3289 inquit
283 3207 314 3273 S.
331 3211 469 3275 Thomas
483 3217 511 3286 ¹,
528 3213 635 3277 sinon
658 3215 699 3276 sit
713 3214 888 3293 perfectus,
912 3215 964 3274 sed
982 3213 1007 3275 si
1023 3233 1099 3277 oon·-

124 3317 140 3354 υ
166 3303 287 3360 temnat
305 3299 342 3359 ad
358 3299 580 3381 perfectionem
594 3301 723 3365 tendere
737 3323 767 3380 r;
784 3311 826 3374 et,
839 3301 928 3383 juxta
942 3302 973 3366 S.
988 3303 1097 3384 Liguo·

126 3385 229 3460 rium,
253 3397 396 3466 peccaret
416 3390 591 3453 mortaliter
605 3392 630 3453 si
653 3391 785 3453 firmiter
799 3399 948 3453 statueret
962 3410 994 3454 se
1009 3393 1099 3457 nullo

126 3473 221 3536 modo
241 3485 432 3540 conaturum
452 3477 492 3542 ad
509 3479 596 3541 illam
615 3480 851 3560 acquirendam.
868 3480 980 3543 Tendit
994 3492 1099 3545 tamen

126 3559 165 3624 ad
182 3560 404 3642 perfectionem
426 3567 522 3647 isqui
543 3576 615 3630 vota
630 3579 660 3630 et
673 3577 784 3631 crotera
802 3569 909 3632 omnia
926 3614 932 3646 ‚
954 3590 1026 3654 qum
1040 3572 1099 3635 sub

158 3753 180 3804 i.
197 3753 220 3803 2.
240 3753 266 3805 2.
282 3771 305 3819 q.
319 3755 374 3820 rso,
390 3767 436 3808 art.
450 3759 474 3820 2,
487 3759 517 3810 ad
528 3760 572 3810 im.
