2574 4198
189 301 252 359 642
454 313 605 358 scenicum
625 313 706 358 runrs
727 310 873 359 canumet.

197 435 212 470 a
233 408 415 470 beneficiarii
429 416 516 471 antea
528 410 732 491 percipiebant
744 426 781 470 ex
795 405 894 468 lundis
909 405 993 468 seuit
1009 406 1078 468 loco
1091 428 1155 472 suo·

177 519 213 558 ¹«
233 515 302 559 rum
316 495 549 573 beneficiorum,
573 515 625 560 eos
640 495 755 560 censeri
775 493 907 556 redditus
935 494 1164 572 ecclesiasticos,

198 607 214 644 n
234 603 295 646 non
310 583 647 666 quasi-patrimoniales3
663 603 750 646 secus
764 583 834 645 verb
845 585 868 644 si
884 590 990 662 egetur
1004 583 1043 662 de
1056 584 1168 665 stipen-

197 696 212 730 «
233 673 290 734 diis
308 691 376 754 quae
390 672 499 734 dentur
513 673 734 745 laborantibus,
751 670 941 733 inserviendo
955 670 1167 736 functionibus

194 783 214 817 a
235 761 451 834 ecclesiasticis,
478 768 623 842 tanquam
644 779 761 822 merces
775 759 876 840 operis
900 759 987 820 etad
1011 765 1168 840 operantis

200 871 215 906 «
236 849 482 911 sustentationem
498 869 506 910 ε
522 849 587 912 haec
600 851 683 912 enim
698 849 777 910 bona
791 854 953 910 censentur
967 849 1167 929 quasi-petri·

195 959 215 996 a
235 936 387 998 monialia.
398 939 505 998 Datum
517 941 619 999 Romae
633 938 663 998 in
674 939 763 999 Scene
772 935 1065 1011 Poenitentiaril,die
1075 939 1095 1000 9
1101 938 1166 1018 ian.

198 1045 216 1084 c
238 1029 324 1087 1823.
341 1027 369 1087 J.
387 1027 420 1084 B.
441 1027 537 1101 ansi,
555 1027 585 1088 S.
602 1028 636 1088 P.
649 1029 769 1106 Regens
782 1045 813 1087 n.

237 1114 353 1174 Dicitur
367 1118 400 1173 3⁰
414 1115 542 1193 Propter
552 1113 675 1196 aliquod
689 1113 819 1196 officium
829 1111 998 1194 spirituale.
1011 1113 1088 1177 Vide
1099 1134 1167 1197 cap.

195 1199 276 1274 Quia
286 1219 343 1282 per
355 1201 537 1262 ambitiosum
552 1206 600 1276 lb,
615 1203 660 1263 De
672 1201 833 1282 rescriptis,
850 1201 882 1262 in
898 1204 941 1263 6⁰.
959 1201 1099 1265 Officium
1113 1223 1168 1266 au·

199 1297 260 1348 tem
273 1289 426 1368 spirituale
440 1292 457 1350 a
478 1288 677 1366 beneficiariis
691 1289 896 1370 praestandum
910 1297 966 1364 est,
982 1309 1010 1351 v.
1029 1311 1075 1370 g„
1090 1293 1169 1353 obli·

179 1409 182 1414 Δ
198 1376 278 1456 getio
287 1377 431 1439 recitandi
443 1377 530 1440 boras
544 1379 715 1452 canonicas,
728 1375 915 1440 deserviendi
927 1377 1016 1440 alicui
1029 1380 1169 1443 ecclesiae

194 1463 1167 1548 administrandosaeramenta‚praedicando,missascetebrando

193 1560 269 1627 etc,
284 1560 341 1616 etc.
365 1553 444 1616 :hoc
462 1555 594 1617 officium
613 1554 766 1635 spirituale
779 1561 824 1615 est
842 1553 966 1635 quidem
980 1555 1167 1619 tundamen-

196 1647 264 1703 tum
277 1647 307 1704 et
319 1660 409 1704 causa
424 1641 572 1719 beneficii,
588 1643 640 1705 sed
656 1662 716 1705 non
730 1649 775 1705 est
789 1641 983 1705 beneficium.

180 1773 181 1776 ,
238 1729 351 1792 Dicitur
372 1735 404 1792 4⁰
423 1730 608 1792 Auctorltute
629 1731 771 1794 Ecclesioe
793 1731 1001 1800 constitutum,
1028 1731 1168 1796 videlicet

181 1819 229 1880 ¹S.
247 1818 459 1882 Pontifioisvel
474 1819 622 1899 Episcopi.
977 1863 980 1868 -

198 1906 290 1967 Multa
303 1906 429 1968 dicenda
441 1914 541 1969 essent
557 1907 636 1968 circa
651 1906 796 1969 beneficia
805 1926 815 1981 ;
831 1906 1012 1986 quaestiones
1032 1925 1168 1990 sequen-

193 1997 375 2056 testantium
391 1995 439 2056 hic
459 1994 683 2074 expendemus:
705 1995 743 2058 de
761 1995 875 2056 caeteris
893 1993 959 2056 vide
973 1995 1132 2077 Manuale,
1149 2003 1167 2060 rt

182 2085 335 2158 -n05375,
350 2087 406 2143 etc.
1150 2149 1153 2155 ,

236 2173 305 2232 785.
318 2170 438 2242 Quaerit.
457 2175 487 2230 l⁰
498 2170 544 2252 An
555 2169 763 2232 beneficiarius
776 2169 974 2250 obligationes
987 2188 1059 2233 suas
1071 2173 1166 2236 adim·

195 2259 279 2340 plere
292 2259 444 2334 omittens,
464 2263 601 2321 teneatur
614 2258 652 2318 ad
673 2258 890 2320 restitutionem
904 2257 1078 2338 fructuum,
1100 2279 1163 2325 non

192 2347 295 2410 solium
309 2365 347 2410 ex
358 2347 425 2428 jure
440 2347 564 2427 positivo
578 2347 628 2408 sed
646 2347 784 2408 etiamen
796 2347 864 2424 jure
881 2347 1028 2408 naturali?

179 2475 183 2492 ι
235 2438 324 2517 Hesp.
346 2435 400 2497 Vel
414 2435 512 2514 agitur
530 2435 568 2496 de
582 2434 744 2497 omissione
758 2435 940 2496 recitationis
961 2435 1105 2500 horarum
1116 2457 1165 2520 cu·

194 2525 386 2599 nonicarum,
404 2526 447 2584 ret
467 2524 505 2584 ‹le
527 2524 641 2585 certeris
655 2522 869 2584 omissionibus
889 2540 897 2582 :
920 2523 944 2584 si
968 2524 1063 2603 princ,
1087 2545 1162 2606 pro-

181 2613 424 2675 ¹babiliirsbabet
435 2613 465 2672 S.
482 2612 601 2691 Lignor.
617 2611 682 2691 (lib.
692 2614 723 2683 3,
734 2619 765 2672 nt
775 2614 843 2686 665)
858 2610 1085 2674 beneficiarium
1099 2633 1162 2678 non

182 2703 289 2764 teneri
303 2702 341 2762 ad
354 2700 569 2762 restitutionem
583 2700 650 2766 nisi.
660 2717 697 2761 ex
708 2699 775 2777 jure
790 2698 925 2776 positivo,
940 2708 969 2760 et
985 2708 1051 2778 post
1064 2703 1159 2768 cmis-

192 2791 312 2853 sionem
326 2788 506 2870 culpabilem
526 2788 668 2853 horarum
690 2787 918 2859 canonicarum,
934 2789 988 2848 etsi
1003 2793 1105 2851 temen
1120 2793 1160 2853 ad

192 2878 252 2942 hoe
264 2886 400 2941 teneatur
413 2883 482 2938 ante
495 2877 602 2954 iudicis
617 2876 795 2938 sententiam
809 2875 900 2936 etiam
918 2873 1157 2950 declaratoriam.

187 2961 191 2968 ’
235 2969 264 3030 Si
278 2967 441 3048 posterius
457 2966 557 3026 verius
574 2971 659 3044 putat
678 2967 708 3026 S.
728 2963 887 3043 Lignorius
901 2963 1074 3028 omittentes
1088 2985 1160 3029 sues

189 3055 390 3136 obligationes
413 3053 536 3132 implere
560 3051 655 3112 teneri
678 3051 716 3112 ad
742 3050 961 3126 restitutionem
985 3051 1156 3131 fructuum,

196 3163 255 3208 non
274 3144 373 3206 sotirm
395 3158 431 3202 ex
443 3140 511 3216 jure
525 3139 661 3218 positivo,
678 3137 731 3201 sed
750 3139 841 3200 etiam
865 3157 900 3200 ex
913 3141 980 3218 jure
1002 3143 1130 3204 naturali
1147 3164 1153 3204 :

190 3233 308 3294 ,ratione
328 3247 436 3306 nempe
455 3230 627 3297 contractus
638 3233 689 3288 aut
708 3227 976 3308 quasi-contractis
990 3245 1051 3306 quo
1069 3231 1153 3310 qnis-

181 3338 271 3400 nuc,
301 3315 484 3397 acceptando
514 3314 665 3392 officium,
695 3331 727 3376 se
746 3314 902 3394 adstringit
925 3315 1152 3398 aninrptendes

192 3407 286 3488 ipsius
299 3403 504 3486 obligationes.

238 3493 361 3566 Quane.
380 3496 413 3554 2⁰
430 3491 473 3552 Ad
488 3491 562 3574 quid
576 3495 715 3554 teneatur
729 3491 941 3566 beneficiarius
957 3497 1073 3564 ratione
1090 3501 1162 3566 iruu-

196 3587 285 3645 tuum
301 3582 346 3644 sui
363 3581 528 3642 beneficii?
957 3655 960 3660 Δ

238 3671 327 3750 Resp.
344 3672 368 3732 1.
379 3670 533 3731 Bonorum
543 3667 724 3732 clericorum
737 3669 1016 3754 quatuordistingui
1031 3678 1164 3754 species:

195 3761 231 3822 4⁰
242 3758 470 3841 patrimonialia
478 3779 546 3840 quau
558 3759 630 3840 ipsis
639 3759 801 3822 obveniunt
815 3777 853 3822 ex
866 3765 1060 3845 quacumque
1075 3773 1164 3833 rausi
