2604 4196
160 272 245 340 ,500
329 349 330 352 Ἴ
461 295 612 340 araneum
634 291 716 337 rums
738 285 892 336 aaronica·

196 391 216 434 ⁹
230 405 242 441 1¹
265 395 297 456 1α
319 391 439 457 Certum
454 399 499 456 est
508 393 546 454 de
557 395 708 473 praecepto
716 383 855 449 benedici
866 379 977 442 debere
991 373 1156 455 corporale,

182 494 201 529 ⁴1
224 481 390 561 ainictum,
412 485 532 556 albam,
557 478 767 560 manipulum,
787 471 894 534 stolam
917 475 945 530 et
968 465 1104 529 casulam
1121 481 1157 526 cx

186 583 202 616 1
223 575 382 636 communi
396 573 554 635 sententia.
572 569 668 632 Rubr.
684 567 715 627 in
732 566 794 627 mr.
811 559 917 622 celebr.
934 555 1043 630 Misere,
1059 553 1104 616 tit.
1124 555 1157 628 l,

187 675 201 705 ‘¹
224 658 266 720 n¹·
282 667 296 721 1
315 672 343 723 et
353 668 389 739 23
402 669 430 725 et
445 663 490 725 De
498 659 602 744 desert.
611 659 657 718 tit.
671 657 710 732 X,
720 665 754 715 11ο
767 657 780 713 1
795 657 816 713 ¹.
830 651 911 711 Licet
922 653 1022 710 autern
1034 643 1159 726 quidam

187 763 201 794 a
224 759 368 814 censeant
378 753 553 833 cingulum,
567 747 678 829 pallam
694 749 724 806 et
734 759 859 824 mappas
875 757 936 799 non
950 735 1159 798 deberebene·

189 860 203 894 1
224 837 299 916 dici,
316 841 500 922 probabilius
514 831 615 900 tamen
627 841 709 896 est...
725 833 764 894 de
785 835 935 911 praecepto
952 843 1017 888 esse
1032 823 1142 885 benedi

189 930 357 994 rcenda...
384 929 475 1012 (palla
498 936 599 990 autem
627 923 717 985 simul
744 938 816 983 oum
841 914 990 998 corporali
1020 912 1158 974 benedici

189 1017 314 1079 «debet
336 1039 373 1082 ex
394 1019 536 1095 rubrica).
561 1013 810 1078 1111111131...
832 1025 871 1069 an
893 1002 1032 1066 benedici
1053 1001 1160 1064 debeat

190 1129 204 1160 1
226 1105 365 1186 pluviale,
376 1107 552 1182 dalmatica,
568 1101 724 1178 tunicella,
741 1095 994 1180 superpelliceum
1008 1091 1160 1154 etroehet·

190 1219 203 1248 1
226 1204 313 1257 tum:
336 1197 417 1260 unde
435 1194 599 1258 dicendum
623 1189 808 1254 conveniens
829 1204 894 1247 esse
907 1217 921 1257 ‚·
935 1182 1074 1265 quamvis
1097 1199 1158 1242 non

191 1313 204 1336 «ι
226 1287 440 1361 necessarium,
452 1292 486 1348 ut
499 1283 650 1366 praedictae
660 1285 756 1342 vestes
768 1274 997 1338 benedicantur.
1010 1271 1159 1334 Purifica-

191 1395 206 1429 1
226 1375 337 1436 terium
347 1375 485 1438 benedici
499 1391 560 1435 non
570 1371 762 1448 debet,J'uxta
772 1383 907 1447 respons.
922 1364 952 1424 S.
964 1362 1041 1424 R.G.
1052 1367 1070 1422 'l
1081 1367 1157 1442 sept.

191 1485 206 1520 1
228 1466 325 1540 1816,
342 1476 377 1526 n⁰
390 1469 527 1540 1316...;
544 1463 616 1524 item
630 1457 767 1521 benedici
783 1473 844 1516 non
854 1453 966 1515 debent
979 1451 1079 1513 velum
1092 1451 1160 1512 cali·

191 1573 205 1610 1
226 1552 287 1629 eis,
300 1553 412 1632 bursa,
428 1550 637 1634 antipendium
652 1557 682 1610 et
697 1543 958 1624 manutergium...

231 1675 246 1712 1
266 1653 444 1717 Pammenia
457 1648 664 1715 benedicenda
677 1649 749 1708 sunt
767 1645 802 1704 iis
816 1640 1078 1704 benedictionibus
1091 1660 1160 1722 qure

192 1765 207 1800 1
228 1743 259 1804 in
272 1743 333 1805 srne
345 1743 472 1806 Missalis
484 1741 696 1822 assignantur,
711 1735 779 1816 quae
794 1738 864 1794 sunt
874 1739 934 1793 tres
949 1749 958 1792 r
973 1729 1089 1811 prima,
1104 1750 1160 1810 pro

194 1853 208 1886 1
227 1832 413 1895 indumentis
423 1828 657 1896 sacerdotalibus
673 1825 704 1886 in
716 1841 837 1905 genere,
851 1819 1027 1902 quaomnia
1041 1819 1161 1881 benedi·

193 1943 208 1978 11
228 1925 358 1998 cuntur,
373 1921 505 2002 exceptis
520 1917 657 2000 mappis,
674 1933 728 1996 pro
741 1913 851 1994 quibus
863 1910 1007 1984 secunda,
1019 1915 1048 1970 et
1057 1927 1162 1991 excep.

193 2031 208 2066 1
227 2009 265 2070 tis
276 2011 482 2093 corporalibus
503 2015 532 2070 et
546 2007 654 2088 pallis,
670 2021 725 2084 pro
739 2001 850 2083 quibus
875 1999 961 2061 tertia
977 1998 1157 2080 assignatur.

194 2119 208 2155 1
229 2097 259 2160 Si
277 2100 427 2180 pluviale,
442 2095 617 2170 dalmatica,
640 2091 797 2166 tunicella,
814 2088 1087 2170 superpelliceum,
1109 2107 1159 2150 ro·

193 2209 209 2244 1
228 2187 362 2250 chettum
376 2186 613 2258 benedicantur,
630 2177 798 2242 adhibenda
810 2185 854 2239 est
868 2175 1036 2238 benedictio
1050 2177 1160 2258 prima,

194 2299 209 2337 1
229 2277 414 2358 absqueulla
424 2273 589 2338 mutatione
600 2275 630 2332 et
639 2270 705 2332 sine
713 2268 920 2329 nominatione
928 2266 1160 2342 rerum;ebden.

194 2389 209 2426 r
228 2365 437 2429 benedictione
452 2413 460 2440 ,
477 2361 531 2425 sed
547 2362 665 2422 tantum
683 2357 772 2419 simul
787 2376 858 2420 cum
875 2357 941 2419 aliis
960 2356 1158 2437 paramentis,

193 2479 208 2515 1
228 2456 319 2519 etiam
339 2453 477 2518 benedici
491 2456 636 2534 possunt,
651 2448 719 2510 licet
736 2465 797 2508 non
814 2445 957 2520 debeant,
973 2445 1072 2508 velum
1089 2443 1160 2508 cali·

192 2567 208 2602 1
229 2545 291 2624 cis,
316 2546 409 2608 bursa
431 2550 461 2606 et
488 2538 745 2621 antipendium.u
775 2538 817 2597 lta
843 2537 886 2597 De
909 2535 1004 2596 Herdt
1025 2538 1105 2616 (pars
1124 2539 1158 2611 1,

190 2639 290 2710 11054,
306 2637 340 2713 l).

229 2734 327 2795 Sacrae
352 2736 451 2795 restes
472 2724 689 2790 benedicendae
713 2729 783 2785 sunt
806 2721 844 2783 ab
866 2723 1017 2804 Episcopo
1041 2723 1086 2784 vel
1102 2723 1160 2786 alio

188 2823 379 2908 privilegium
392 2819 531 2882 habente.

232 2925 276 2983 An
295 2919 436 3001 Episcopi
457 2917 572 3000 possint
586 2911 775 2996 simplicibus
800 2910 1007 2974 sacerdotibus
1023 2911 1162 2994 delegare

188 3011 360 3073 facultatem
374 3006 574 3070 benedicendi
589 3021 689 3066 sacras
702 3007 798 3062 vestes
819 3007 849 3062 et
863 3019 948 3062 sacra
961 3001 1136 3064 linteamina
1151 3050 1159 3082 ‚

188 3100 321 3162 diximus
334 3115 425 3179 supra
435 3094 529 3175 (loli.

237 3196 327 3258 Vestes
338 3214 431 3258 socroe
446 3189 687 3254 benedictionem
702 3206 790 3251 suam
803 3187 944 3248 amittunt
959 3205 1162 3252 seuexecran-

188 3284 374 3367 torquendo
388 3272 476 3346 suam
490 3281 619 3343 formam
632 3278 764 3362 perdunt
780 3324 788 3354 ,
804 3295 858 3338 seu
873 3276 996 3358 quaudo
1008 3286 1163 3359 nequeunt

191 3376 319 3458 amplius
329 3373 471 3436 decenter
483 3370 521 3433 ad
535 3388 634 3432 sacras
648 3368 818 3431 functiones
830 3367 965 3429 adbiberi
981 3387 988 3428 :
1017 3386 1046 3430 v.
1071 3387 1100 3449 g.
1114 3415 1121 3446 ,
1137 3369 1161 3432 si

219 3597 226 3623 ·
243 3590 301 3641 Ilaee
320 3584 463 3638 benedictio
484 3583 531 3634 11111
543 3582 611 3648 gravi
629 3580 737 3648 obligat,
752 3581 821 3648 juxta
842 3581 990 3632 sententiam
1003 3594 1077 3648 quam
1090 3599 1161 3634 eom-

189 3677 288 3714 munem
302 3665 373 3710 vocat
384 3657 410 3709 S.
425 3657 525 3720 Liguor.
539 3675 545 3717 ;
557 3653 647 3720 excipit
664 3660 746 3704 tamen
762 3650 880 3702 amictum
897 3659 922 3704 ct
938 3652 1082 3718 cingulum,
1095 3671 1162 3720 quo·

190 3752 241 3786 rum
264 3728 404 3784 benedictio
426 3725 588 3796 probabiliter
611 3725 752 3792 praecipitur
770 3725 866 3774 tantum
887 3723 935 3775 sub
951 3725 1040 3776 veniali
1059 3725 1160 3790 (Libo,

189 3816 216 3857 11ο
229 3805 294 3866 aar).
