2590 4208
166 231 209 295 ut

170 357 217 423 tili
253 421 259 436 ,
301 421 308 436 ,
354 421 360 435 ,

171 455 218 512 ost
231 439 277 484 ers
296 421 526 502 jurisdictionis
548 430 761 505 potestatem,
782 439 853 503 quaa
866 438 940 484 rere
967 420 1156 505 episcopalis

173 539 241 614 dig,
258 509 474 573 immediatam
489 529 555 574 csse
569 535 577 572 a
592 529 665 592 erga
678 529 773 592 quam
786 510 1016 592 cujuscumque
1027 514 1110 574 ritus
1129 519 1158 575 et

177 598 345 710 quanitatis
361 608 502 680 pastores
516 608 612 683 atque
634 599 763 675 fideles,
781 607 846 662 tam
872 617 1015 662 seorsum
1040 600 1157 677 singuli

180 731 234 776 ,er
249 706 282 750 m
298 688 393 752 simul
405 707 525 766 omnes,
539 689 640 753 officio
656 687 859 752 hierarchice
875 687 1158 764 subordinationis,

183 825 228 889 qu
240 797 330 861 eque
345 777 531 841 obedientiae
542 777 796 858 obstringuntur,
808 795 873 840 non
887 777 992 841 solum
1004 777 1037 840 in
1051 777 1159 844 rebus.

187 896 220 980 pp
231 888 257 932 ae
272 867 311 930 ad
324 867 421 929 fidem
436 874 466 928 ct
480 885 595 942 mores,
610 865 663 929 scd
679 865 774 929 etiam
789 867 822 928 in
837 866 894 942 iis,
912 885 983 948 quae
1007 865 1047 929 ad
1063 866 1161 930 discl-

221 960 307 1020 inam
320 964 350 1018 et
363 955 502 1036 regimen
518 955 673 1030 Ecclesiae,
699 975 755 1037 per
774 961 874 1019 totum
895 955 1007 1019 orbem
1026 954 1161 1029 diffusae,

185 1047 370 1130 pertinent;
387 1045 430 1106 ita
443 1052 489 1121 ut,
507 1043 663 1107 custodita
676 1063 749 1107 cum
765 1044 906 1108 Romano
921 1043 1072 1108 Pontifice
1097 1054 1165 1107 tam

184 1134 424 1200 communionis
436 1151 531 1214 quarn
547 1132 685 1216 ejusdem
705 1131 777 1196 fldei
802 1131 1006 1218 professionis
1029 1134 1163 1210 unitate,

191 1224 330 1288 Ecclesia
346 1222 460 1284 Christi
476 1223 516 1284 sit
530 1241 613 1284 unus
627 1239 703 1302 grex
719 1221 779 1285 sub
795 1239 859 1286 uno
885 1239 1012 1286 summo
1026 1234 1163 1305 pastore.

193 1314 264 1376 Haec
276 1321 321 1373 est
334 1311 496 1374 catholicae
507 1311 646 1374 veritatis
660 1309 814 1388 doctrina,
828 1329 847 1374 a
860 1329 924 1393 qna
939 1306 1068 1376 deviare
1081 1313 1166 1376 salva

190 1401 255 1465 lide
269 1409 362 1481 atque
374 1401 475 1463 salute
491 1417 584 1462 nemo
599 1401 710 1480 polest.

233 1491 368 1553 Tantum
384 1497 488 1552 autem
504 1488 603 1566 abest,
619 1496 654 1552 ut
666 1488 730 1552 hacc
744 1485 867 1552 Summi
881 1488 1042 1553 Pontificis
1057 1501 1163 1574 potes-

190 1579 363 1649 tasofficiat
377 1577 545 1641 ordinariae
560 1575 794 1641 acimmediatae
805 1577 849 1640 illi
863 1578 1052 1660 episcopalis
1064 1581 1163 1661 juris

461 307 618 356 numum
640 305 723 354 stttrs
748 301 895 354 canorum.

196 1671 340 1738 dictionis
355 1668 520 1751 potestati,
537 1685 600 1748 qua
619 1665 778 1749 Episcopi,
806 1666 862 1749 qui
885 1667 978 1748 positi
1006 1688 1023 1732 a
1048 1670 1169 1756 Spiritu
1279 1735 1280 1740 ,

198 1766 314 1830 Sancto
330 1761 361 1820 in
377 1756 600 1838 Apostolorum
616 1755 721 1817 locum
736 1756 985 1836 successerunt¹‚
1001 1767 1169 1844 tamquam

197 1855 262 1918 reri
286 1852 428 1914 Pastorcs
450 1845 623 1926 assignatos
638 1843 696 1906 sibi
719 1863 840 1925 greges,
864 1845 982 1925 singuli
1009 1849 1165 1932 singulos,

199 1949 334 2030 pascunt
347 1945 379 2000 et
402 1944 535 2017 regunt,
562 1942 596 1998 ut
610 1931 753 1996 cedema
778 1953 927 2016 supremo
950 1944 982 1998 et
997 1939 1169 2007 universali
1281 1985 1282 1992 κ

195 2037 323 2099 Pastore
364 2035 530 2101 asseratur,
560 2022 726 2086 roboretur
754 2041 791 2086 ac
828 2024 1014 2102 vindicetur,
1049 2030 1173 2097 dicente
1282 2092 1283 2112 ,

193 2133 307 2190 sancto
323 2116 471 2196 Gregorio
486 2114 598 2193 Magno
615 2131 622 2174 :
639 2111 726 2175 Meus
741 2113 845 2176 bonor
857 2121 904 2176 est
918 2114 1023 2178 honor
1038 2120 1170 2184 unirer·

195 2215 273 2279 salis
288 2209 442 2274 Ecclesiae.
460 2203 545 2265 Meus
558 2202 660 2264 honor
676 2209 723 2263 cst
737 2201 870 2264 fratrum
891 2221 1035 2269 meorum
1051 2210 1173 2275 solidus

203 2303 307 2385 vigor.
322 2299 403 2360 Tum
417 2311 475 2374 ego
489 2309 558 2354 vere
571 2291 746 2354 honoratus
760 2309 852 2368 sum,
866 2310 939 2355 cum
954 2295 1090 2377 singulis
1103 2303 1175 2383 qui-

198 2397 323 2474 busque
338 2389 442 2450 honor
456 2381 582 2444 debitus
599 2398 661 2443 non
678 2389 811 2460 negatur
825 2381 848 2444 ².

241 2483 336 2546 Porro
362 2495 400 2544 ex
427 2488 575 2553 suprema
590 2469 645 2532 illa
674 2469 808 2532 Romani
835 2470 994 2536 Pontificis
1019 2485 1176 2560 potestate

196 2566 402 2657 ,gubernandi
418 2563 599 2627 universam
613 2559 785 2622 Ecclesiam
797 2560 848 2640 jus
861 2560 963 2624 eidem
984 2581 1054 2629 essa
1069 2585 1176 2632 conse·

203 2665 322 2747 quitur,
343 2659 375 2720 in
392 2654 488 2736 lruJus
502 2649 550 2712 sui
567 2648 707 2711 muneris
722 2649 869 2712 exercitio
884 2650 981 2715 iibere
993 2658 1174 2720 communi·

132 2769 138 2776 ·
204 2750 297 2816 cundi
316 2764 387 2811 cunr
411 2738 588 2826 pastoribus
615 2745 647 2800 et
660 2737 807 2818 gregibus
829 2739 926 2802 totius
953 2741 1113 2820 Ecclesiae,
1143 2755 1177 2810 ut

205 2841 301 2905 iidem
314 2838 353 2900 ab
370 2838 438 2918 ipso
450 2834 480 2893 in
492 2827 662 2890 viasalutis
674 2826 779 2889 doceri
795 2845 831 2890 ac
846 2830 910 2908 regi
925 2833 1058 2913 possint.
1076 2835 1177 2910 Quare

204 2932 395 2994 damnamus
410 2941 445 2984 ao
458 2917 665 3000 reprobamus
680 2915 808 2979 illorum
823 2920 1003 2997 sententias,
1020 2924 1079 3003 qui
1096 2925 1178 2989 hanc

207 3019 345 3104 supremi
360 3011 472 3093 capitis
494 3025 565 3070 cum
587 3005 769 3089 pastoribus
782 3013 814 3068 et
828 3007 976 3087 gregibus
997 3016 1178 3076 communi·

207 3111 364 3174 cationem
376 3102 459 3164 licite
474 3095 619 3178 impediri
634 3112 724 3177 possa
739 3095 859 3171 dicunt,
877 3106 932 3160 aut
945 3100 1092 3164 eamdem
1108 3105 1180 3168 red-

202 3199 289 3262 -dunt
302 3189 443 3257 saeculari
467 3184 613 3269 potestati
638 3183 822 3260 obnoxiam,
850 3185 893 3247 ita
909 3193 944 3248 ut
972 3191 1178 3270 contendent,

209 3305 279 3368 quae
293 3285 333 3346 ab
351 3276 528 3364 Apostolica
543 3273 623 3338 Sede
638 3273 686 3336 vel
702 3273 768 3355 ejus
784 3275 969 3338 auctoritate
983 3277 1024 3340 ad
1039 3283 1179 3362 regimen

206 3373 355 3440 ,Ecclesiae
375 3368 632 3436 constituuntur,
649 3363 715 3426 vim
731 3382 767 3426 ac
791 3363 932 3427 valorem
954 3384 1019 3429 non
1049 3370 1177 3448 babere,

207 3464 269 3528 nisi
279 3460 438 3545 potcstatis
454 3455 612 3520 saecularis
627 3454 741 3534 placito
755 3453 998 3521 confirmentur.

249 3549 447 3634 thuoniam
461 3547 568 3608 divino
582 3542 753 3624 Apostolici
769 3543 923 3622 primatus
934 3545 1005 3625 lure
1018 3545 1181 3614 Romanus

241 3755 264 3802 l.
281 3747 356 3803 Cone.
369 3747 437 3798 Trid.
450 3745 517 3796 Sese.
535 3745 575 3796 23.
588 3759 641 3808 cap.
657 3747 679 3792 t.

229 3825 253 3874 Ξ.
271 3823 300 3874 S.
317 3819 418 3884 Gregor.
432 3817 462 3867 bl.
478 3817 507 3866 nd
520 3816 610 3878 Eulog.
626 3813 783 3864 Alexandrin.
799 3827 838 3878 ep.
850 3811 922 3869 xxx,
