2604 4196
220 232 273 295 iao
487 242 635 290 uterinum
656 241 737 286 rums
758 237 905 284 canosini.

219 371 233 410 r
255 349 404 412 interdicti
419 353 567 428 tempore,
583 346 612 406 in
625 345 743 407 casibus
758 335 820 405 non
834 343 983 406 concessis
1000 345 1016 404 a
1035 343 1121 421 jure,
1139 341 1184 403 vel

218 461 233 497 <r
253 436 531 499 excommunicatos
543 433 673 516 publice,
685 439 735 494 aut
748 429 925 494 nominatim
939 430 1122 502 interdictos,
1140 430 1185 490 vel

214 545 233 584 n
253 525 407 586 usurarios
421 515 595 585 manifestos
607 523 733 583 scienter
741 521 867 603 sepelire
879 518 1185 601 praesumunt‚decer-

218 635 233 671 a
255 613 356 674 nimus
377 613 439 692 ipso
460 611 541 692 sacto
562 609 882 672 excommunicationis
905 607 1060 669 sententiaa
1081 605 1185 684 subja-

217 719 333 774 ucere,
345 705 442 774 etc...‚
460 701 543 761 nullo
555 700 636 761 eis...
653 697 863 778 exemptionis,
874 697 919 758 vel
931 695 1036 777 quovis
1048 695 1107 756 alio
1121 695 1185 775 pri-

218 813 231 847 a
253 787 362 868 vilegio
376 787 432 850 sub
451 790 645 868 qudcumque
664 785 761 848 forma
779 785 941 848 verborum
963 802 1109 847 concesso
1129 783 1184 843 ali·
1214 789 1217 794 '

218 899 232 934 u
253 877 380 956 qualiter
395 875 587 957 suffragante.
600 898 615 934 n
632 875 745 935 Eadem
758 872 1080 936 excommunicationis
1095 889 1186 950 poena

213 965 352 1025 statuitur
379 965 410 1024 in
433 965 562 1025 scienter
588 963 783 1043 sepelienlem
810 963 980 1036 haereticos,
1007 959 1185 1031 credentes,

209 1054 395 1126 receptores,
412 1052 457 1114 vel
472 1051 604 1113 lautores
617 1069 724 1113 eorum
738 1052 814 1124 (cap.
832 1055 862 1123 ἢ,
877 1049 920 1112 De
933 1049 1062 1122 Haeret,
1079 1049 1111 1108 in
1126 1047 1184 1119 6⁰).

249 1135 372 1199 Dictum
397 1141 442 1193 est
456 1133 583 1194 scienter
595 1133 717 1210 sepetire
731 1137 918 1210 presumunt
935 1150 944 1190 .·
960 1131 985 1192 si
1000 1148 1076 1210 ergo
1100 1131 1192 1194 deest
1256 1182 1260 1193 .

206 1224 339 1286 scientia
351 1231 404 1284 aut
419 1223 588 1296 temeritas,
602 1224 654 1302 qui
672 1220 853 1301 hujusmodi
870 1221 1015 1300 indignos
1040 1222 1190 1301 sepeliret

208 1333 270 1376 non
308 1312 440 1373 incurrit
473 1311 847 1372 excommunicationem.
892 1310 1085 1390 Sepelientes
1115 1331 1192 1376 vero

207 1412 335 1467 caeteros
364 1401 512 1480 indignos
535 1401 626 1480 juxta
654 1399 822 1461 arbitrium
838 1397 995 1462 Ordinarii
1034 1402 1190 1480 puniendi

206 1503 321 1556 essent.
343 1488 461 1552 Verum
486 1489 593 1552 Const.
609 1491 711 1571 Apost.
733 1489 817 1552 Sedis
842 1508 909 1550 exc.
935 1489 1004 1551 latae
1027 1493 1192 1555 sentcntiae

208 1583 328 1645 nemini
355 1589 511 1642 reservata
527 1580 660 1660 plectit«
680 1581 864 1641 mandantes
879 1597 933 1642 seu
948 1587 1095 1660 cogentes
1111 1583 1192 1648 tradi

207 1671 425 1736 ecclesiasticae
440 1669 610 1752 sepulturae
626 1669 789 1731 haereticos
803 1669 942 1732 notorius
960 1677 1016 1732 aut
1042 1672 1190 1736 nomina·

209 1763 265 1823 tim
280 1755 571 1822 excommunicatos
590 1757 639 1820 vel
655 1758 838 1820 interdictos
854 1782 881 1820 a.

250 1849 317 1911 716.
335 1849 459 1922 Quaerit.
479 1847 509 1908 2⁰
523 1847 670 1920 Quaenam
684 1848 721 1909 sit
737 1847 892 1928 legislatio
915 1847 1019 1912 civilis
1040 1849 1071 1909 in
1088 1847 1192 1912 Gallia

208 1940 292 2002 circa
309 1937 552 2017 denegationem
567 1938 736 2016 sepulturae
750 1935 997 1999 ecclesiastica?

154 2057 159 2066 ·
249 2029 341 2106 Resp.
356 2025 405 2088 Sic
420 2026 576 2087 sancitum
590 2024 685 2088 luisse
699 2026 731 2085 in
745 2025 871 2087 decreto
885 2024 923 2088 23
939 2026 1098 2106 prairialis
1115 2031 1192 2092 anni

212 2116 275 2190 llll,
290 2125 347 2177 art.
361 2115 397 2176 ta
414 2133 451 2177 z«
468 2113 607 2195 Lorsque
620 2115 649 2176 le
661 2115 803 2176 ministre
813 2114 890 2177 d'un
901 2115 999 2196 culte,
1016 2135 1089 2180 sous
1103 2121 1193 2200 quel-

213 2234 228 2264 «
249 2224 310 2287 que
322 2204 461 2284 pretexte
486 2223 548 2285 que
560 2222 594 2265 ce
606 2205 677 2278 soit,
694 2223 727 2266 se
742 2213 912 2285 permettra
927 2205 967 2267 de
986 2205 1107 2269 refuser
1133 2227 1192 2272 son

214 2320 228 2354 a
252 2293 413 2356 ministare
425 2311 505 2374 pour
516 2293 545 2356 la
557 2293 798 2375 sepultured’un
808 2311 911 2372 corps,
922 2293 1191 2372 l'autoriteciuile‚

213 2408 231 2445 a
252 2385 312 2447 scit
326 2383 458 2460 deifice,
472 2381 532 2445 soit
544 2401 597 2446 sur
613 2383 641 2443 la
657 2383 843 2464 requisition
859 2383 937 2445 dela
953 2381 1083 2461 tamille,
1100 2405 1192 2450 corn-

215 2498 230 2534 e
252 2482 363 2536 mettre
377 2492 420 2536 un
433 2479 522 2534 autre
537 2473 732 2558 ministredu
749 2474 851 2534 meme
866 2473 949 2536 culte
966 2489 1045 2555 pour
1058 2477 1193 2559 remplir

212 2589 229 2622 e
251 2582 301 2626 ces
317 2561 483 2624 sanctiens.
513 2563 597 2623 Dans
616 2571 687 2624 tous
713 2563 757 2624 les
772 2580 834 2637 cas,
861 2563 1016 2625 l’autoritd
1032 2563 1124 2629 civile
1146 2578 1193 2630 est

212 2677 227 2710 e
251 2651 431 2730 chargeede
443 2650 519 2712 l'aire
529 2658 644 2732 perier,
656 2651 1054 2733 presentaretddposerces
1066 2671 1190 2737 corps.»

209 2741 307 2804 Nemo
321 2758 382 2803 non
399 2739 483 2802 videt
499 2741 653 2821 quantiam
669 2742 754 2802 sanis
769 2741 846 2820 juris
860 2743 1004 2804 canonici
1026 2742 1192 2827 principiis
1233 2742 1236 2750 '

209 2827 1192 2916 adverseturltaacdispositiolegiscivilis;sedllongotempore

211 2919 974 3002 indesuetudinemabiitexeeutiohujusarticuli:
988 2920 1190 3002 hodieenim,

212 3007 556 3084 dummoddsacerdos‚
582 3009 769 3088 denegando
794 3020 991 3072 sacramenta
1012 3015 1059 3072 vel
1083 3016 1191 3095 sepul·

213 3109 314 3162 turam
327 3098 581 3173 ecclesiasticam,
592 3099 710 3178 injuriat
724 3119 786 3161 non
798 3099 915 3162 afficiat
928 3120 1001 3164 eum
1018 3103 1073 3182 qni
1086 3107 1191 3186 repel-

212 3189 296 3259 litur,
320 3186 540 3265 exprobrando
567 3187 623 3262 illi,
640 3208 669 3250 v.
687 3209 716 3272 g.
744 3191 889 3266 crimina,
905 3200 978 3269 etc,
1001 3192 1091 3256 nulla
1113 3196 1192 3260 solet

213 3277 294 3340 allici
310 3275 454 3338 molestia
470 3276 510 3338 ab
525 3279 709 3340 auctoritate
734 3279 831 3343 civili.

631 3449 716 3510 Atat.
734 3450 771 3513 tl.

570 3583 608 3626 nn
630 3584 835 3648 connu'renus„

247 3698 321 3767 717.
339 3730 377 3748 -
402 3697 435 3758 lo
459 3696 731 3768 coemeteriasunt
756 3704 819 3766 lecu
838 3705 1019 3769 anctoritate
1047 3709 1189 3790 Episcopi
1292 3687 1293 3724 ss

214 3789 416 3866 benedictam
427 3790 681 3868 quitusecdonerc
696 3793 909 3857 catholicorum
920 3797 969 3876 pii
984 3798 1188 3866 decedentium
1292 3785 1293 3794 ἵ
