2604 4196
164 253 232 312 '5l8
450 266 600 310 arsurum
621 263 703 316 suave
724 261 871 310 canumet.

177 392 191 427 a
211 345 374 449 praed'ando
388 367 573 440 occidantur,
591 369 690 429 visum
704 372 749 427 est
761 382 815 444 pro
830 363 874 424 eis
888 380 950 423 non
970 381 1039 424 esse
1049 381 1147 426 nrau-

93 453 95 458 '
176 478 190 514 a
210 454 321 532 dum.»
341 456 456 519 Atticet
470 457 539 537 quis
548 456 579 518 in
594 463 661 518 actu
676 453 812 518 criminis
826 450 1000 527 occumbat,
1016 453 1149 516 dubium

174 563 329 606 remanere
347 551 441 624 potest
456 551 558 607 utrum
573 547 674 607 revere
696 545 812 605 crimen
834 540 923 603 inerit
937 541 1126 620 completum
1141 593 1148 609 .

134 633 138 642 ’
174 632 253 712 quod
278 635 450 714 contingere
465 635 631 714 praesertim
646 638 743 714 potest
762 630 788 692 si
803 629 871 711 quis
885 629 917 690 in
943 629 1088 693 ebrietate
1102 632 1149 694 vel

174 723 390 785 comessatione
412 723 550 798 decedat3
570 725 642 784 item
663 721 826 802 aliquandd
846 718 976 780 dubitari
992 727 1090 800 potest
1110 739 1151 782 an

177 811 242 872 vere
256 817 376 892 tempus
389 812 554 893 poenitendi
569 811 709 874 deluerit.
726 809 785 872 Sed
799 807 976 888 deneganda
991 816 1035 870 est
1049 809 1152 890 sepul-

177 896 240 962 tura
254 901 454 964 ecclesiastica
466 903 502 964 iis
513 921 590 983 quos
604 901 705 982 palam
719 906 748 961 et
763 898 881 960 notorie
892 902 1010 958 constat
1024 914 1151 961 omnem

178 1006 318 1066 respuere
337 991 492 1071 religionis
510 997 612 1054 actum
631 1008 667 1052 ex
688 987 841 1069 impietate
855 984 1015 1048 manifesta
1028 995 1058 1048 et
1074 1007 1151 1050 con·

177 1081 303 1156 tempta,
319 1086 408 1158 prout
427 1079 450 1140 si
466 1079 566 1160 palam
580 1086 610 1142 et
622 1096 725 1142 coram
745 1075 869 1138 testibus
888 1073 1032 1156 respuant
1046 1095 1152 1140 sacra-

178 1171 277 1226 menta
290 1165 320 1226 in
335 1167 441 1230 ultimo
456 1167 564 1230 morbo
578 1174 607 1230 et
621 1168 651 1228 in
669 1172 792 1247 peccato
806 1165 936 1226 indurati
955 1165 1126 1254 moriantur
1142 1186 1149 1228 :

175 1254 200 1315 ai
215 1255 286 1316 verd
302 1273 363 1316 nnn
376 1263 492 1320 constet
499 1255 717 1320 moribundum
727 1254 818 1318 causi
828 1252 988 1334 impietatis
1001 1257 1157 1334 respuisse

181 1350 384 1418 sacramenta,
402 1351 453 1407 aut
465 1346 491 1408 si
505 1345 622 1408 occulte
636 1351 719 1407 extra
734 1342 924 1425 praesentiam
939 1342 1074 1405 duorum
1092 1351 1151 1407 tes·

180 1431 254 1506 tium
269 1430 433 1514 respuerit,
451 1435 551 1496 danda
563 1439 609 1498 est
623 1433 787 1515 sepultura.

218 1523 262 1584 De
276 1523 420 1584 usurariis
431 1524 597 1606 manifestis
609 1525 652 1586 sie
666 1522 793 1584 habetur
807 1522 838 1584 in
852 1539 918 1602 cap.
934 1525 953 1582 2
967 1519 1011 1582 Do
1027 1519 1150 1596 Uannio,

181 1612 210 1671 in
222 1614 254 1672 6ο
269 1629 276 1671 :
297 1613 505 1694 «Quanquam
522 1613 651 1676 usurarii
664 1609 830 1687 manifesti,
846 1610 885 1672 dc
900 1610 1003 1672 usuris
1014 1629 1090 1691 quas
1103 1630 1152 1674 ae·

185 1723 200 1758 a
219 1708 379 1782 ceperunt,
395 1702 552 1780 satisfieri,
567 1703 708 1784 expresse
720 1701 857 1781 quantite
872 1699 918 1760 vel
934 1698 1107 1762 indistincte
1122 1703 1153 1762 in

185 1813 200 1850 u
220 1791 324 1852 ultime
339 1792 502 1868 voluntate,
515 1791 733 1864 mandaverint,
747 1789 982 1851 nihilominus...
998 1787 1042 1852 eis
1056 1791 1154 1852 eccle·

185 1903 200 1940 c
221 1880 338 1942 siastica
348 1882 502 1960 sepultura
516 1883 693 1963 denegetur,
709 1880 807 1940 donee
820 1878 858 1940 de
867 1879 969 1940 usuris
978 1879 1052 1958 ipsis
1064 1878 1154 1942 fuerit

187 1992 201 2028 u
223 1967 324 2049 (prout
346 1970 503 2049 patiuntur
522 1970 674 2032 facultates
693 1967 843 2050 ipsorum)
867 1967 1002 2054 plenarie
1016 1969 1149 2032 satiatae

187 2081 201 2116 «
220 2064 296 2132 tum,
308 2057 353 2118 vel
368 2057 426 2118 illls
439 2057 550 2138 quibus
561 2057 698 2120 iacienda
708 2063 753 2118 est
763 2053 928 2128 restitudO,
944 2064 1028 2118 eto...
1045 2057 1154 2120 idonee

186 2169 201 2204 a
220 2145 258 2206 de
272 2145 460 2208 restitutione
472 2145 608 2210 facienda
618 2147 655 2208 sit
666 2151 800 2208 cautum.
817 2167 831 2204 n
847 2145 905 2208 Sed
918 2145 1075 2207 hiccanon
1093 2165 1153 2209 non

182 2234 449 2316 estintelligendus
460 2236 516 2297 nisi
530 2236 568 2297 de
578 2237 614 2298 iis
629 2237 679 2316 qui
691 2253 744 2318 per
754 2235 932 2298 sententiam
937 2233 1048 2313 judicis
1058 2237 1154 2299 ecclo-

183 2323 291 2385 siastioi
306 2325 441 2385 usurarii
450 2324 591 2386 declarati
605 2325 699 2388 inere.

222 2417 256 2474 5⁰
281 2414 385 2486 Quoad
408 2431 459 2476 eos
481 2433 558 2496 quos
584 2421 700 2477 constat
721 2431 784 2476 non
806 2415 976 2494 implevisse
1005 2421 1155 2498 praecepta

183 2501 378 2566 confessionis
397 2522 508 2566 annuae
529 2510 558 2566 et
577 2503 724 2584 paschalis
745 2504 991 2582 communionis,
1017 2505 1155 2586 privandi

183 2599 255 2655 sunt
274 2593 399 2672 quidem
417 2594 571 2673 sepultura
584 2592 784 2654 ecclesiastica
799 2593 822 2654 si
845 2611 904 2654 non
927 2593 1065 2655 dederint
1085 2602 1154 2658 ante

185 2685 310 2742 mortem
325 2681 538 2761 resipiscentiae
552 2682 647 2761 signa,
664 2681 717 2742 sed
731 2683 963 2744 controvertitur
974 2690 1076 2744 utrum
1092 2685 1150 2748 hae<

184 2788 273 2850 poena
287 2769 324 2831 sit
335 2770 519 2850 imponenda
533 2777 602 2832 ante
613 2769 723 2849 judicis
732 2771 913 2832 sententiam
932 2791 939 2832 τ
956 2771 1038 2834 unde
1053 2773 1146 2854 hujus

185 2858 266 2919 modi
279 2858 410 2921 defuncti
427 2861 442 2920 a
457 2859 596 2940 parochis
610 2877 671 2921 non
687 2866 759 2922 sunt
771 2860 950 2921 excludendi
965 2863 981 2922 a
1002 2862 1146 2943 sepulturi

184 2948 383 3009 ecclesiastice
397 2948 453 3008 nisi
469 2957 535 3028 post
549 2967 705 3010 recursum
721 2949 757 3009 ad
771 2949 973 3012 Ordinerium.

223 3037 320 3097 Variis
339 3037 458 3098 casibus
480 3037 511 3097 in
535 3037 656 3099 Ritaolt
683 3038 813 3098 Romano
832 3039 989 3100 recensitis
1012 3041 1142 3121 applicat

186 3143 273 3206 posse
290 3126 406 3186 videtur
419 3125 500 3206 quod
515 3125 709 3187 Reiffenstuel
727 3127 798 3189 dicit
811 3126 849 3188 de
874 3126 1021 3190 haereticis
1037 3129 1102 3208 (lib.
1120 3132 1153 3208 3‘,

119 3232 122 3238 ·
186 3214 229 3275 tit.
246 3217 294 3288 28,
316 3227 350 3274 n⁰
363 3215 414 3295 78)
432 3233 439 3274 :
465 3237 480 3274 «
495 3216 562 3278 Si...
586 3215 642 3276 snb
662 3215 896 3277 comminatione
911 3219 1047 3298 gravium
1062 3221 1155 3282 nralo-

191 3325 206 3361 o
226 3321 293 3364 rum
307 3305 322 3363 a
337 3304 553 3383 potentioribus
562 3313 721 3385 urgeretur
734 3313 768 3367 ut
779 3305 938 3366 haereticus
948 3306 978 3366 in
995 3309 1061 3368 loco
1073 3327 1156 3372 sacro

191 3415 206 3450 α
227 3393 418 3472 sepeliretur,
435 3393 532 3454 eidem
555 3394 593 3454 ad
613 3395 786 3455 evitandum
806 3411 895 3476 grave
917 3397 1033 3458 malum
1049 3397 1156 3460 deterri

192 3505 206 3540 a
226 3488 341 3562 posset,
357 3481 382 3542 si
397 3499 458 3542 non
473 3482 505 3542 in
526 3490 733 3564 contemptum
752 3484 913 3559 Ecclesiae,
929 3484 981 3544 sed
1003 3505 1057 3566 pro
1072 3486 1156 3548 iami-

192 3594 206 3630 n
227 3571 273 3631 liae
289 3569 450 3650 splendore
467 3576 518 3632 ant
530 3571 736 3634 conservando
751 3571 867 3633 honore
880 3577 909 3632 et
927 3583 1067 3653 respectu
1083 3575 1157 3637 desi·

193 3659 402 3731 «deraretur‚
425 3660 462 3722 ed
480 3661 562 3741 qudd
584 3661 665 3740 leges
689 3661 831 3722 humanae
854 3678 914 3721 non
936 3661 1074 3743 obligent
1088 3683 1157 3727 curn

193 3773 208 3804 a
228 3749 361 3826 periculo
384 3749 526 3827 gravi...;
553 3749 577 3810 si
598 3750 669 3810 vero
687 3751 718 3809 in
740 3750 881 3811 Ecclesiae
897 3755 1108 3832 contemptum
1129 3752 1156 3814 id
