2574 4198
477 273 564 319 uum
584 257 717 320 suarius.
1024 264 1083 329 673

102 379 255 452 potestate
272 380 425 442 ordinarit
447 379 494 442 vel
508 379 644 461 delegate
658 427 664 456 ‚
680 384 809 460 possunt
826 379 892 444 illas
912 399 1017 464 poenos
1030 401 1085 464 per

100 467 274 528 sententias
287 467 376 530 ferre.

145 553 218 618 805.
243 557 366 628 Quaerit.
379 561 413 621 l‘
426 557 556 630 Quinam
571 557 686 638 possint
699 557 795 637 poenis
808 557 921 640 plecti?

143 641 238 723 Resp.
254 647 367 708 Omnes
381 645 528 722 subditos,
542 646 593 726 qui
603 645 712 706 delicto
722 653 791 707 sunt
802 647 930 726 juridice
941 649 1079 726 convicti,

102 731 204 806 poenis
224 733 314 814 plecti
338 753 442 816 posse;
463 734 543 812 imd,
566 735 621 796 etsi
645 753 707 796 non
728 735 858 814 jnridioe
880 739 1032 800 convictos
1055 739 1081 801 si
1175 771 1178 784 =

101 825 213 898 agatur
227 821 266 885 de
280 823 379 905 poenis
399 843 452 906 per
474 826 654 886 sententiam
673 843 710 887 ex
723 825 907 888 conscientie
921 827 1081 890 informata

107 905 244 973 inilictis.
786 918 789 921 ’

143 997 230 1059 Circa
252 1001 345 1064 modd
364 1002 475 1064 dictam
496 1002 748 1084 responsionem,
770 1007 869 1085 potest
889 1009 991 1067 tamen
1014 1025 1082 1070 esse

103 1083 268 1151 difficultas
298 1091 398 1172 quoad
415 1091 554 1154 absentes
571 1099 600 1154 et
624 1092 723 1174 quoad
743 1091 940 1174 impuberes:
958 1098 988 1157 l·
1003 1097 1080 1160 cnm

102 1173 187 1251 juxta
202 1180 486 1242 commodissimam
496 1181 689 1260 sententiam,
700 1181 839 1244 absentes
849 1187 910 1244 non
920 1190 1079 1248 teneantur

104 1263 225 1346 legibus
245 1287 308 1331 suae
331 1270 445 1352 patriae,
468 1289 525 1335 nec
548 1272 620 1333 item
644 1271 846 1350 astringantur
866 1272 982 1354 legibus
1001 1276 1079 1353 Juris

104 1357 301 1435 communis,
316 1360 341 1420 si
354 1359 547 1422 inveniantur
563 1360 594 1420 in
609 1360 676 1422 loco
690 1359 741 1420 ubi
755 1360 803 1421 lex
821 1359 870 1422 illa
884 1368 930 1422 est
946 1363 1078 1440 legitime

104 1443 266 1526 abrogata,
293 1448 428 1528 sequitur
454 1449 537 1530 qudd
562 1468 619 1511 nec
644 1449 734 1510 etiam
757 1455 881 1530 propter
904 1449 1078 1528 huiusmodi

104 1530 209 1610 legum
222 1535 415 1598 violationem
427 1537 525 1618 puniri
539 1543 664 1620 'possunt
675 1538 773 1619 poenis
784 1545 889 1600 contra
903 1539 1078 1604 infractores

106 1621 184 1686 latis
266 1663 268 1666 -

143 1714 178 1772 2⁰
193 1711 296 1786 Quoad
309 1715 483 1796 impuberes
496 1721 578 1798 patet
591 1717 672 1796 ipsos
687 1733 749 1776 non
764 1733 850 1795 posse
861 1716 961 1796 poenis
974 1717 1075 1798 plecti,

105 1801 230 1880 quandd
244 1803 379 1864 nondum
395 1822 484 1867 usum
502 1805 626 1866 rationis
640 1803 766 1879 babent,
781 1803 851 1866 oiim
865 1805 1002 1866 nondum
1016 1809 1077 1869 sint

104 1888 206 1950 delicti
225 1909 360 1972 capaces.
382 1894 413 1955 Si
436 1893 506 1956 verd
529 1893 589 1954 sint
605 1912 662 1954 usu
684 1891 808 1954 rationis
834 1891 965 1972 praediti,
981 1895 1076 1976 snbji-

104 1981 229 2040 ciuntur
252 1981 349 2060 poenis
368 1983 435 2061 J'ore
457 1981 613 2044 communi
637 1982 699 2062 ipso
720 1980 801 2061 scete
813 1979 1023 2062 incurrendis,
1044 1992 1077 2048 ut

103 2066 266 2130 deducitur
285 2088 323 2132 ex
340 2089 407 2151 cap.
433 2072 541 2134 Pueris
561 2075 611 2145 60,
630 2071 674 2132 De
688 2077 760 2132 sent.
776 2089 915 2134 eoronam.
936 2092 1076 2142 censuras

104 2163 208 2218 tamen
228 2159 405 2238 generaliter
426 2159 492 2222 latae
511 2161 528 2222 ὲ
541 2161 608 2239 jure
622 2165 674 2222 aut
688 2160 726 2220 ab
739 2158 883 2238 homine,
899 2181 960 2223 non
974 2165 1076 2226 incur·

104 2254 215 2308 runtur
236 2247 275 2308 ab
295 2247 515 2328 impuberibus,
539 2249 595 2310 nisi
616 2249 674 2310 hoc
692 2267 867 2330 expressum
890 2250 927 2311 sit
950 2251 982 2312 in
1001 2252 1074 2334 lege,

103 2341 196 2416 prout
218 2345 264 2398 est
285 2355 460 2417 expressum
480 2337 580 2420 quoad
603 2337 830 2418 percussionem
849 2338 1027 2403 clericorum
1046 2347 1075 2404 et

104 2425 277 2507 ingressum
287 2426 319 2486 in
334 2427 514 2488 monasteria
529 2427 702 2488 mulierum.

143 2514 228 2576 Circa
243 2521 344 2576 autem
357 2534 461 2596 poenas
471 2515 600 2596 ferendoe
613 2515 774 2592 sententie,
786 2515 857 2578 dicit
870 2523 975 2580 auctor
987 2520 1074 2583 Prte-

104 2606 170 2668 tect.
186 2602 221 2666 S.
240 2601 368 2686 Sulpr'tr'i
381 2605 430 2686 (n⁰
448 2608 517 2684 rit)
535 2605 629 2686 qood,
649 2623 686 2666 ex
704 2623 762 2668 usu
779 2607 935 2667 communi
949 2655 956 2684 ‚
972 2607 1074 2689 impu-

103 2694 191 2756 beres
214 2692 250 2753 iis
269 2712 331 2754 non
352 2695 571 2775 subjiciantur,
586 2696 623 2756 eb
641 2694 723 2774 qudd
741 2712 803 2756 nou
821 2697 976 2756 conveniat
995 2699 1074 2762 aetati

103 2782 300 2864 impuberum
316 2790 348 2844 ut
366 2802 397 2845 se
412 2785 519 2846 sistant
536 2802 637 2846 coram
650 2783 752 2862 judice
770 2781 953 2846 defensionis
969 2791 1071 2863 causta

102 2873 157 2934 sed
170 2873 236 2934 baec
249 2873 325 2932 ratio
340 2891 401 2934 non
411 2873 538 2936 omninb
552 2871 716 2946 convincit,
731 2871 986 2950 cirm'impuberes
1000 2893 1073 2952 pns-

102 2962 165 3023 sint
180 2979 214 3024 se
228 2962 331 3024 sistere
345 2981 418 3024 cum
431 2963 598 3024 assistentia
618 2961 724 3022 tutoris
744 2967 795 3038 aut
815 2959 976 3036 curatore
992 2963 1073 3025 unde

103 3052 223 3122 suarez,
241 3058 329 3128 prout
342 3051 423 3113 idem
439 3054 552 3113 Auctor
564 3049 655 3112 refert
667 3048 749 3131 (it),
762 3049 803 3110 ait
819 3068 826 3112 :
847 3050 937 3110 rNon
952 3051 1073 3113 invenio

105 3163 120 3201 o
137 3140 190 3220 jus
211 3159 273 3222 quo
294 3140 435 3203 reddatur
458 3140 538 3202 nulla
559 3140 706 3201 sententia
728 3137 864 3200 censurae
884 3137 950 3200 latae
967 3148 1072 3206 contra

105 3252 119 3289 r
140 3230 352 3312 impuberem,
367 3237 397 3290 et
410 3229 478 3290 ideo
492 3229 517 3290 si
536 3228 669 3309 alioquin
690 3227 855 3288 intercedat
874 3245 944 3289 vera
962 3238 1070 3292 contu·

105 3341 121 3380 o
141 3319 256 3395 macie,
278 3319 442 3400 etreliqua
463 3319 631 3380 necessaria
654 3316 691 3378 ad
710 3317 844 3378 valorem
862 3333 1014 3394 censurae,
1034 3339 1071 3404 ex

106 3431 120 3467 n
139 3409 198 3471 bac
215 3415 300 3490 parte
318 3426 380 3468 non
398 3425 508 3469 censeo
529 3425 594 3468 esse
610 3405 766 3467 nullam.»
783 3406 820 3464 Et
839 3403 906 3467 haec
924 3405 1073 3470 sententio

102 3505 144 3560 est
157 3498 265 3561 saltem
276 3496 451 3577 probabilis,
465 3501 500 3556 ut
512 3495 612 3556 videre
625 3500 669 3556 est
683 3491 764 3573 opud
777 3494 808 3554 S.
822 3492 943 3574 Ligunr.
961 3495 1025 3575 (lib.
1038 3502 1072 3572 7,

102 3597 133 3649 u·
146 3591 198 3668 tl)
214 3605 224 3648 ε
240 3604 303 3648 non
317 3585 402 3647 decet
416 3592 516 3646 tamen
533 3591 566 3645 ut
579 3582 751 3663 impuberes
771 3583 832 3644 tam
846 3585 980 3664 rigorose
995 3586 1072 3665 plec-

110 3681 199 3740 antur
215 3693 271 3757 per
284 3673 464 3736 sententiam
482 3673 592 3752 judicis
610 3689 646 3732 ac
663 3669 760 3732 solent
773 3670 861 3750 plecti
874 3671 986 3734 adulti:
1001 3693 1069 3755 cap.

103 3763 254 3843 descrrmr
265 3765 295 3835 2,
310 3760 355 3824 De
367 3759 483 3823 delictis
492 3779 662 3838 puerorum.
952 3806 967 3856 5
