2604 4196
153 399 156 405 Ι
209 319 267 378 sto
480 307 633 380 cumeum
654 332 736 378 sums
757 329 907 378 canonici.

472 483 474 490 Α
578 535 726 604 CAPUT
752 533 801 600 V.

401 701 446 745 DE
474 703 635 762 EXEQIlllS
662 701 705 746 ET
730 695 965 746 COEME'I'ERIlS.

620 951 707 1011 aad.
737 949 760 1012 l.

565 1097 606 1142 m:
632 1095 816 1148 uxuoums.

244 1225 288 1284 De
295 1225 428 1308 exequiis
438 1225 623 1288 multamilia
633 1226 691 1304 legi
701 1229 828 1307 possunt
839 1223 868 1285 in
882 1223 1031 1298 Monuoli,
1043 1233 1079 1285 n⁰
1087 1229 1175 1299 1682,

206 1317 276 1387 etc,
292 1317 448 1394 sequentia
458 1315 649 1378 solummodo
664 1315 714 1377 hic
725 1313 980 1377 transcribemus:

246 1405 313 1464 ma.
328 1407 358 1464 p
371 1404 511 1485 Exequiae
529 1405 612 1466 omni
631 1411 769 1486 tempore
786 1401 851 1465 lieri
874 1408 1002 1484 possunt
1020 1422 1027 1464 :
1044 1409 1176 1468 attamen
1284 1415 1285 1438 ³

205 1489 305 1551 triduo
318 1493 438 1572 Majoris
453 1493 657 1555 Hebdomadae
672 1491 848 1555 solemniter
867 1498 897 1554 et
914 1509 984 1554 cum
1000 1498 1091 1556 cantu
1111 1493 1177 1556 lieri

207 1588 372 1659 nequeunt,
389 1581 442 1642 sed
456 1583 590 1644 officium
604 1589 633 1643 et
655 1599 759 1662 preces
773 1580 911 1662 privatim
935 1587 1005 1643 sunt
1025 1581 1178 1646 recitanda

206 1668 247 1745 (S.
264 1671 299 1732 u.
318 1673 442 1752 Congu,
459 1675 492 1733 ll
508 1690 577 1753 aug.
593 1675 682 1746 1136,
700 1674 733 1732 n⁰
744 1672 845 1748 3901),
861 1671 926 1732 sine
942 1670 1000 1731 alia
1012 1672 1177 1736 mutatione

207 1755 251 1838 (S.
273 1761 309 1826 a.
335 1762 381 1838 C.,
400 1765 437 1824 16
454 1761 517 1840 jan.
542 1764 629 1838 1616,
651 1761 684 1822 ne
704 1759 849 1841 26606);
872 1761 903 1820 in
925 1759 1055 1822 Sabbato
1075 1767 1177 1823 autem

206 1848 315 1912 Sancto
330 1857 397 1932 post
413 1850 590 1926 meridiem,
606 1851 696 1911 etiam
709 1849 741 1910 in
756 1855 846 1910 cantu
865 1854 894 1910 et
909 1847 1083 1911 solemniter
1096 1851 1176 1912 cele-

206 1936 284 1998 brari
304 1947 448 2019 possunt,
473 1939 525 2001 sed
549 1940 648 2020 potitis
666 1939 704 2000 ad
724 1956 892 2019 vesperam.
913 1971 951 1985 -
974 1939 1046 1999 Aliis
1069 1937 1178 2002 diebus

205 2027 393 2090 solemnibus
400 2029 536 2109 exequiae
546 2028 697 2089 solemnes
707 2034 735 2088 et
749 2027 779 2088 in
789 2034 879 2090 cantu
892 2046 952 2089 non
967 2027 1172 2108 prohibentur,
1193 2097 1195 2102 ,

205 2114 258 2176 sed
277 2115 301 2176 si
321 2117 410 2178 missa
424 2117 469 2178 De
486 2116 637 2196 Requiem,
656 2121 804 2196 praesente
817 2134 959 2198 corpore,
977 2117 1091 2179 cantani
1114 2137 1175 2180 uon

206 2203 307 2280 liceat,
324 2205 502 2267 laudabilius
522 2203 560 2266 ad
579 2223 751 2286 vesperam,
771 2211 838 2286 post
858 2205 1011 2287 expletum
1030 2205 1090 2268 diei
1105 2207 1175 2269 offl-

205 2291 299 2371 cium,
314 2293 504 2357 differuntur.

246 2383 276 2444 Si
298 2385 433 2465 exequiae
454 2383 560 2445 diebus
585 2382 752 2444 Dominicis
776 2389 807 2444 et
830 2383 955 2445 Festivis
974 2383 1174 2466 'peragamus

207 2475 269 2538 lieri
283 2474 394 2536 debent
406 2472 472 2536 sine
486 2471 661 2553 praejudicio
675 2471 773 2533 Missae
788 2473 1003 2544 conventualis,
1017 2484 1068 2535 aut
1082 2494 1176 2555 paro·

205 2564 319 2640 chialis,
334 2562 500 2638 concionis,
516 2566 546 2622 et
559 2561 686 2622 aliorum
700 2560 869 2622 officiorum
883 2559 926 2641 (S.
943 2562 978 2622 R.
998 2563 1044 2635 (1.,
1060 2567 1098 2625 16
1107 2563 1173 2647 jan.

207 2655 314 2734 l'l93);
336 2671 393 2714 neo
416 2655 538 2732 propter
561 2650 704 2730 exequias
726 2649 918 2730 anticipando
938 2657 990 2712 aut
1010 2650 1176 2718 differenda

206 2750 275 2806 sunt
290 2739 462 2821 huiusmodi
478 2738 585 2812 officia,
599 2739 669 2820 quia
683 2746 753 2799 sunt
766 2737 805 2799 de
819 2747 985 2820 praecepto,
1001 2747 1029 2801 et
1044 2743 1174 2821 particu-

206 2832 267 2895 lare
280 2832 411 2906 bonum,
426 2835 460 2892 ut
473 2835 543 2890 sunt
556 2827 700 2909 exequiae,
719 2826 841 2908 publico
854 2829 1079 2892 communitatis
1092 2830 1175 2894 bono

206 2921 343 3003 postponi
356 2918 455 2982 dehet.

245 3014 319 3072 ltem
334 3007 398 3070 fieri
420 3013 575 3088 nequeunt
586 3023 689 3068 cosam
705 3007 757 3066 SS.
775 3007 969 3068 sacramento
987 3008 1107 3088 publice
1121 3030 1173 3074 ex-

207 3100 324 3182 posito,
339 3096 421 3160 unde
438 3096 463 3158 si
483 3095 573 3156 velari
594 3101 643 3155 aut
658 3094 769 3173 deponi
787 3102 918 3176 nequeat
932 3098 1172 3179 sanctissimum,

207 3207 267 3251 non
282 3187 372 3248 debet
385 3183 510 3247 cadaver
521 3182 623 3244 inleni
637 3185 667 3242 in
678 3182 853 3260 ecclesiam3
868 3191 990 3259 ettunc,
1003 3186 1026 3246 si
1037 3189 1173 3268 exequiae

205 3276 317 3340 differri
336 3280 504 3355 nequeant,
519 3278 602 3333 extra
614 3272 771 3334 ecclesiam
787 3271 852 3334 lieri
872 3282 996 3353 possunt
1013 3275 1104 3336 etiam
1120 3296 1172 3340 se-

206 3365 344 3428 lemniter
351 3383 361 3440 ;
374 3367 427 3424 aut
440 3363 464 3422 si
479 3360 553 3422 fiant
563 3363 593 3422 in
607 3360 744 3436 eeclesia,
761 3360 826 3422 lieri
835 3361 946 3424 debent
958 3363 1096 3444 privatim
1107 3366 1172 3431 sine

205 3461 307 3527 cautu,
323 3452 388 3513 sine
402 3451 493 3510 missa
507 3456 537 3510 et
549 3449 578 3510 in
593 3449 706 3530 capella
721 3449 844 3512 laterali.

244 3540 386 3621 Exequiae
401 3556 558 3619 nunquam
573 3537 636 3598 den
648 3545 773 3618 possunt
784 3537 822 3598 de
838 3544 924 3601 nocte
935 3541 991 3602 nisi
1005 3541 1043 3604 de
1053 3543 1170 3610 licentia

203 3629 352 3694 ordinarii
370 3630 420 3690 :S.
435 3627 529 3707 Gong.
547 3626 652 3696 Cone,
668 3629 704 3685 l5
720 3632 807 3688 mart.
824 3630 912 3690 1111.

243 3723 274 3780 2⁰
283 3716 386 3790 Quoad
395 3715 459 3778 lieri
475 3722 582 3796 potest,
599 3713 688 3773 missa
700 3714 864 3794 exequialis
875 3717 904 3777 in
917 3716 966 3780 die
977 3719 1171 3801 depositionis

203 3807 345 3873 celebrari
360 3805 451 3867 debet
465 3803 550 3884 juxta
565 3800 685 3863 llitucle
704 3801 877 3867 Romanum.
894 3807 1005 3888 Excipe
1024 3819 1124 3874 lamen
1145 3815 1168 3875 si
