2590 4208
484 329 583 376 arma
603 330 737 377 rrarrus.
844 323 848 360 2
1085 307 1115 378 ε

167 435 244 500 Tres
269 443 342 498 sunt
370 435 531 497 sententiae
552 432 634 496 circa
667 438 872 516 questionem
901 441 1099 520 inquorum

127 525 258 608 praecise
282 523 432 587 consistat
459 530 605 586 votorum
635 522 852 602 religiosorum
883 525 1065 590 solemnitas
1088 527 1111 587 :‘

128 615 238 677 Primo
261 611 488 686 Themistonem,
505 611 561 692 qui
582 610 716 694 ipsamet
730 623 843 676 natura
858 633 964 679 rerum
985 630 1098 697 prooe-

125 700 202 765 dere
216 701 329 763 dicunt
342 699 427 762 hanc
436 699 678 764 solemnitatem.
691 698 769 764 Vota
785 703 887 779 enim,
898 705 986 783 juxta
1001 703 1097 783 ipsos,

125 798 202 854 sunt
216 789 369 852 solemnia
392 788 531 870 eoquod
546 787 609 849 sint
624 787 753 852 donatio
768 793 835 867 sul;
859 808 954 874 porro
968 790 1097 856 donatio

126 888 242 942 natura
260 895 317 939 sua
335 875 440 939 differt
462 894 479 938 a
503 874 638 956 simplici
666 879 886 959 promissione.
914 878 1097 944 Concedunt

125 979 234 1032 tamen
249 965 418 1029 Tlromistae
432 981 522 1046 posse
537 963 709 1028 Ecclesiam
726 984 886 1050 apponere
901 959 1097 1032 conditiones

124 1058 193 1120 sine
216 1054 333 1136 quibus
358 1052 471 1116 validm
491 1069 554 1117 non
580 1062 683 1116 essent
707 1061 770 1116 tam
794 1056 920 1120 traditio
942 1057 1094 1132 voventis,

122 1163 224 1228 quam
248 1144 352 1224 ejusa
376 1143 537 1223 superiore
556 1140 719 1222 religionis
733 1147 916 1226 acceptatio.
941 1143 991 1208 Sic
1005 1163 1094 1207 suam

122 1233 312 1298 sententiam
338 1229 508 1294 conciliare
533 1231 678 1294 nituntur
706 1249 779 1295 eum
807 1233 912 1297 verbis
944 1232 1094 1296 Bonilecii

121 1322 210 1400 Vlll,
234 1320 420 1384 affirmantis
438 1319 670 1382 solemnitatem
691 1328 836 1385 votorum
860 1323 927 1386 sola
941 1323 1095 1386 constitn-

121 1414 211 1478 tione
234 1409 380 1473 Ecclesiae
401 1407 496 1472 fuisse
519 1409 680 1472 ‘inventam
703 1410 783 1492 (cap.
808 1410 892 1486 Quod
916 1417 1028 1487 notum,
1051 1412 1094 1473 De

121 1510 187 1566 uoto
201 1508 229 1564 ct
244 1499 315 1573 uoti,
331 1506 390 1572 etc,
406 1497 439 1559 in
454 1497 511 1578 6⁰).
683 1578 685 1582 .

160 1587 296 1658 Secunda
307 1587 449 1650 sententia
461 1585 603 1667 plurium
618 1594 760 1651 veterum
775 1589 995 1670 theologorum
1010 1595 1094 1652 tenet

121 1681 241 1745 dictam
270 1676 501 1740 solemnitatem
521 1675 690 1739 consistere
716 1677 749 1739 in
779 1677 916 1758 quadam
945 1677 1092 1740 benedic·

121 1771 209 1834 tione
249 1785 304 1830 seu
343 1765 601 1840 consecratione,
628 1783 691 1845 qua
717 1765 753 1828 fit
788 1776 822 1828 ut
854 1765 1092 1830 matrimonium

121 1859 196 1922 iniri
222 1861 370 1936 nequeat,
394 1871 432 1918 eo
453 1853 539 1934 quod
560 1870 608 1916 res
623 1853 686 1916 Deo
713 1861 833 1916 sacrata
855 1872 919 1918 non
939 1855 978 1916 sit
997 1853 1107 1916 adhir

119 1945 226 2011 Meda
242 1944 282 2008 ad
296 1959 370 2007 usus
387 1941 443 2004 tali
459 1943 688 2023 consecrationi
703 1951 924 2025 repugnantes.

162 2035 263 2100 Tertio
284 2031 496 2107 communior,
520 2048 617 2112 quam
639 2031 880 2113 amplectimur,
908 2031 984 2095 dicit
1008 2033 1091 2096 hane

119 2124 352 2190 solemnitatem
367 2118 504 2202 pendere
518 2137 556 2181 ex
575 2119 641 2182 sola
656 2117 799 2184 Ecclesia
816 2120 1088 2185 determinatione.

161 2211 317 2276 Probatur
330 2209 398 2272 haec
417 2207 508 2270 tertia
531 2211 687 2271 sententia
707 2208 740 2270 l⁰
763 2227 801 2272 ex
824 2209 976 2273 Decretali
995 2210 1090 2274 modo

119 2303 216 2366 citata
232 2299 315 2376 Ouod
329 2307 424 2362 uotum
445 2295 596 2360 Boniiacst
615 2296 683 2361 Vlll
708 2317 715 2360 :
743 2319 760 2360 c
779 2296 841 2361 Nos
857 2299 969 2378 igitur,
986 2299 1091 2379 inquit

119 2413 135 2452 r
159 2387 316 2463 Pontifex,
341 2384 535 2449 attendentes
558 2385 644 2466 quod
667 2387 732 2449 voti
754 2387 937 2450 solemnitas
964 2407 1002 2450 ee
1028 2388 1089 2448 solo

119 2503 135 2541 ι
158 2478 365 2544 constitution
378 2473 515 2538 Ecclesia
537 2484 583 2537 est
597 2475 776 2550 inventa...,
792 2474 1020 2546 declarandum
1034 2475 1090 2537 du-

119 2593 134 2631 »
160 2569 315 2633 ximus...
331 2565 411 2629 illud
432 2563 535 2627 solum
550 2568 659 2626 votum
677 2562 791 2625 debere
813 2561 876 2626 dici
896 2563 1087 2634 solemne...

118 2683 135 2721 ι
159 2658 248 2742 quod
259 2655 497 2720 solemnizatum
513 2651 607 2714 fuerit
625 2669 681 2732 per
694 2651 925 2732 susceptionem
940 2652 1019 2714 sacri
1034 2671 1088 2715 or-

119 2772 135 2810 »
159 2748 255 2825 dinis,
276 2754 331 2810 aut
350 2761 405 2827 per
427 2741 651 2824 professionem
672 2757 850 2824 expressam
874 2740 922 2803 vel
948 2740 1087 2819 tacitam,

118 2862 134 2900 ι
160 2839 277 2904 iactam
292 2834 384 2898 alicui
407 2830 447 2895 de
469 2829 675 2910 religionibus
695 2845 750 2912 per
776 2827 879 2891 Sedem
893 2829 1087 2910 apostoticam

119 2949 134 2989 r
159 2925 392 3012 approbatis».

159 3022 193 3082 2⁰
214 3015 346 3082 Ratione
369 3033 378 3077 a
399 3009 448 3073 vel
462 3026 502 3072 ex
522 3007 589 3073 sola
610 3006 832 3071 constitutione
846 3005 993 3068 Ecclesiae
1009 3023 1088 3086 pen-

120 3109 174 3174 det
184 3113 330 3170 votorum
345 3100 565 3180 religiosorum
574 3096 770 3172 solemnitas,
783 3094 844 3171 vel,
857 3102 892 3158 ut
907 3095 996 3158 aiunt
1007 3094 1087 3157 Tho·

119 3201 233 3272 miste,
248 3212 287 3258 ex
301 3190 470 3255 traditione
483 3185 627 3252 voventis
647 3204 664 3248 a
679 3185 838 3269 superiore
854 3191 1025 3265 acceptata,
1038 3180 1088 3246 vel

118 3307 157 3353 ex
179 3286 286 3367 aliqua
308 3277 529 3344 benedictione
549 3294 604 3340 seu
626 3275 870 3339 consecratione.
898 3272 995 3336 Porro
1022 3272 1089 3336 hae

119 3377 185 3442 duo
205 3372 379 3456 posteriora
401 3367 461 3430 dici
483 3372 656 3447 nequeunt.
679 3364 748 3428 Non
771 3361 901 3444 quidem
921 3360 1088 3442 primum:
1192 3445 1193 3449 Ἰ

118 3467 198 3533 Nam
215 3472 288 3526 rota
311 3456 571 3522 scholasticorum
594 3453 627 3515 in
650 3451 803 3516 Societate
822 3449 907 3525 Jesu,
932 3448 1087 3513 solemnia

118 3571 184 3620 non
205 3557 301 3624 sunt,
324 3546 377 3610 sed
398 3552 521 3609 tantum
544 3540 709 3623 simplicia,
731 3541 821 3621 juxta
841 3538 946 3603 Const.
971 3537 1086 3615 Quanto

118 3640 301 3726 fructuosius
321 3634 449 3715 Gregor.
469 3631 557 3708 lllll,
582 3631 658 3693 anni
680 3628 777 3704 1583,
803 3627 971 3710 quamvis,
994 3626 1091 3718 juxta¹

117 3729 262 3795 eamdem
288 3725 565 3796 constitutionem,
585 3716 681 3782 iidem
705 3716 883 3781 scholastici
898 3716 960 3778 sint
975 3713 1038 3776 veri
1052 3719 1093 3774 et'

117 3815 332 3903 pmprierlicti
358 3809 507 3884 religiosi.
524 3809 621 3872 Porro
633 3807 709 3870 dicti
724 3803 918 3872 adrolastici.
936 3821 969 3866 sa
983 3809 1091 3862 tamen
