2604 4196
197 193 256 250 552
470 206 622 250 33333333
643 203 726 250 tuuis
747 199 895 246 canonici.
944 245 945 252 ,

193 309 241 371 lie.
267 311 308 369 113
332 307 445 370 Concil.
474 307 594 370 Mediol.
615 309 643 381 Ι,
672 309 703 365 31
726 304 757 364 S.
780 295 1168 362 PichitataConstilutio.

234 401 267 457 4⁰
289 401 322 458 ln
337 397 518 459 eoemeteriis
532 405 645 469 autem,
659 395 743 472 Juxta
756 388 876 451 Bituale
889 389 1027 464 Romam,
1043 409 1059 446 a
1074 387 1173 488 sepul-

197 507 211 543 a
234 485 306 548 ebra
322 486 512 547 sacerdotum
532 494 564 546 et
585 483 765 546 elericorum
787 479 1006 558 cujuscumque
1032 475 1168 538 ordims.

199 595 213 631 a
235 573 373 636 arbitrari
395 579 512 653 potest,
531 577 552 636 a
570 569 737 654 sepulchris
759 568 905 629 laicorum
927 573 1063 647 separata
1087 565 1171 636 sint,

199 684 213 720 a
235 663 401 726 decentiori
414 664 479 726 loco
489 665 544 726 sita
554 683 583 724 a:
597 682 623 724 v.
633 681 676 740 g„
688 661 771 739 juxta
781 674 902 718 crucem
912 661 964 718 aut
971 673 1067 736 prope
1077 653 1171 716 eccle·

202 768 284 815 tram.

235 843 269 896 5⁰
290 844 365 904 ltem
394 845 684 922 «iuxta‘vetustam
709 843 738 898 et
765 835 947 898 laudabilem
973 832 1170 895 ecclesiarum

201 951 215 986 r
237 932 502 1008 consuetudinem,
512 929 706 1013 parvulorum
721 923 900 1006 corpuscula
910 941 972 984 non
986 921 1175 1002 sepeliantur

202 1040 216 1076 a
237 1021 269 1079 in
284 1022 499 1083 communibus
510 1028 538 1082 et
559 1017 739 1101 promiscuis
759 1013 1003 1077 coemeteriorum
1026 1016 1057 1072 et
1081 1009 1175 1071 eecle-

203 1129 217 1164 a
237 1107 350 1170 siarum
361 1110 533 1189 sepulturis,
543 1107 595 1170 sed
610 1125 666 1188 pro
677 1107 736 1166 illis
750 1105 780 1166 in
795 1101 1016 1184 parochialibus
1025 1099 1173 1161 ecclesiis.

204 1215 218 1253 a
238 1202 288 1257 aut
304 1197 423 1260 illarum
438 1198 628 1268 coemeteriis,
645 1201 794 1276 quatenus
806 1191 967 1254 commode
982 1189 1047 1250 lieri
1063 1196 1171 1268 potest,

204 1306 218 1341 a
239 1285 382 1364 speciales
397 1293 427 1348 et
441 1293 593 1367 separatos
608 1285 645 1346 ab
666 1283 731 1345 aliis
754 1281 868 1343 loculos
885 1286 914 1341 et
930 1278 1100 1358 sepulturas
1119 1275 1172 1378 haf

204 1395 218 1428 «
240 1371 348 1448 beant,
364 1393 416 1437 seu
436 1375 500 1437 lieri
519 1381 636 1450 curent,
657 1373 688 1434 in
706 1371 815 1452 quibus
833 1387 895 1430 333
916 1367 1100 1447 sepeliantur
1115 1383 1173 1426 msr

204 1461 292 1542 aqui
320 1463 460 1544 baptizati
488 1464 598 1526 luerint
623 1462 789 1523 infantes...
816 1459 868 1539 qui
891 1463 960 1518 ante
983 1455 1175 1518 discretionis

204 1572 219 1609 a
239 1569 335 1612 annos
346 1553 515 1616 obierunt.»
525 1553 650 1616 Ititrtale
665 1551 838 1627 Rocran.,et
851 1545 950 1609 Decis.
964 1547 994 1614 S.
1006 1545 1044 1607 a.
1058 1544 1169 1624 Congr.

200 1642 239 1700 10
251 1637 405 1704 decembr.
422 1645 510 1706 teet).

239 1731 270 1789 6⁰
291 1730 436 1792 Ponenda
448 1739 519 1794 sunt
533 1749 659 1812 corpora
674 1729 705 1790 in
720 1727 885 1808 sepulchris
905 1724 1013 1787 eodem
1034 1723 1094 1786 situ
1111 1743 1175 1806 qun
1254 1745 1255 1750 ¹

199 1817 230 1878 in
255 1819 381 1882 ecclesia
402 1840 410 1882 :
432 1821 622 1882 sacerdotum
647 1817 761 1881 scilicet
781 1815 893 1896 capita,
908 1820 1088 1876 caeterorum
1103 1815 1174 1875 verb

199 1905 326 1984 pedibus
341 1909 444 1970 versirs
457 1909 566 1982 altare,
583 1909 730 1990 quantiam
746 1905 850 1967 saltem
861 1903 1006 1985 permittit
1017 1903 1173 1984 dispositio

200 1994 361 2072 sepulchri.
370 1996 400 2058 Si
414 2006 516 2060 autent
528 1997 735 2059 coemeterium
746 1995 784 2056 ab
796 1995 921 2057 ecclesia
936 1993 973 2055 sit
987 2002 1173 2074 separatum,

202 2100 328 2162 corpora
343 2085 533 2148 sacerdotum
548 2105 618 2148 curn
632 2086 729 2166 capite
741 2132 749 2162 ,
763 2091 792 2146 et
806 2085 934 2146 aliorum
954 2101 1025 2145 cunr
1044 2083 1176 2163 pedibus

201 2173 304 2233 versirs
318 2174 471 2236 Orientem
487 2176 557 2256 poni
574 2174 713 2236 convenit
725 2221 733 2252 ,
746 2173 816 2256 quia
833 2172 1009 2254 regulariter
1022 2173 1065 2234 sie
1079 2174 1175 2236 eecle-

200 2261 251 2320 siae
263 2264 396 2324 construi
410 2265 531 2326 debent.

238 2351 271 2408 7⁰
292 2352 324 2410 ln
340 2353 439 2414 medio
451 2355 614 2416 coemeterii
629 2353 771 2416 33333113
786 2353 857 2435 poni
869 2351 958 2414 debet
974 2371 982 2414 ε
996 2353 1174 2422 Coemeteria

200 2439 310 2515 muris,
327 2439 414 2502 fossis
428 2450 479 2504 aut
494 2443 616 2522 sepibus
630 2443 671 2504 ita
685 2441 923 2518 concludantur,
939 2448 971 2502 ut
984 2445 1091 2523 equis,
1108 2465 1175 2509 vac·

199 2526 256 2602 313,
283 2529 398 2608 porcis,
423 2532 549 2610 aliisque
576 2531 724 2592 similibus
747 2530 927 2592 animalibus
950 2531 1051 2594 nullus
1074 2541 1176 2614 pateat

199 2633 347 2678 accessus.
365 2620 455 2681 ineis
472 2621 551 2681 nulla
568 2621 683 2682 cultura
698 2619 880 2696 deridebat,
897 2621 1000 2681 necin
1018 2621 1062 2683 eis
1081 2624 1173 2688 arbo-

200 2721 247 2765 res
260 2703 412 2788 frugiferae
432 2716 502 2770 sunt
520 2709 709 2790 plantandae;
726 2709 788 2770 imb
807 2708 922 2771 loenum
938 2710 968 2770 in
990 2710 1034 2770 eis
1054 2730 1174 2776 exores-

199 2811 271 2854 cens
285 2813 347 2857 non
362 2795 453 2858 debet
466 2799 537 2859 meti
552 2805 603 2860 aut
614 2797 715 2875 vendi,
726 2805 758 2859 ut
770 2797 880 2879 pabulo
894 2797 991 2860 detur.
1003 2799 1046 2860 lbi
1058 2800 1174 2866 fabrilia

199 2899 289 2962 opera
302 2886 445 2961 exerceri,
458 2886 519 2948 ludi
532 2888 686 2963 constitui,
699 2893 864 2948 conventus
879 2887 995 2968 prolani
1010 2889 1174 2973 civilesque

199 2972 449 3050 proclamationes
463 2976 528 3036 fieri
545 2995 606 3037 non
621 2977 699 3038 lieet.

238 3061 270 3120 8⁰
293 3063 500 3141 Constructio,
525 3065 731 3142 manutentio,
756 3065 911 3146 ampliatio
938 3072 969 3128 et
996 3073 1176 3132 restauratio

200 3152 372 3212 communis
396 3153 546 3234 sepulchri
571 3173 625 3216 seu
649 3155 812 3216 coemeterii
835 3153 901 3219 lieri
925 3154 1015 3218 debet
1035 3161 1177 3239 expensis

199 3237 465 3318 parochianorum,
491 3251 519 3305 et
535 3261 597 3304 non
620 3243 741 3325 parochi
763 3264 770 3306 :
789 3245 861 3327 quia
883 3245 956 3308 clun
980 3244 1010 3306 id
1036 3249 1178 3328 respiciat

201 3325 356 3388 utilitatem
368 3332 630 3410 parochianorum,
642 3334 692 3407 oui
705 3334 839 3398 sentiunt
848 3333 1046 3398 commodum
1057 3344 1176 3400 etouue
1285 3375 1286 3428 p

200 3415 445 3481 mmmmmm

240 3508 307 3566 718.
322 3512 406 3570 --110
421 3510 503 3572 Circa
516 3513 607 3574 situm
619 3521 648 3574 et
660 3513 888 3595 dispositionem
907 3513 1172 3594 coemeteriorum,

201 3595 356 3671 sequentia
370 3599 492 3661 sancivit
505 3602 583 3680 apud
596 3621 650 3663 nos
665 3603 710 3664 lex
725 3603 838 3665 civilis:
855 3601 1004 3684 «D’apres
1017 3602 1092 3664 l’art.
1105 3605 1174 3668 8du

203 3700 217 3738 a
238 3681 344 3745 Deerat
360 3683 411 3764 (18
423 3687 491 3768 juin
508 3693 609 3770 1801),
626 3691 726 3772 inquit
739 3694 801 3755 DD.
822 3693 901 3754 Affre
915 3691 1044 3772 (Atre'qe'
1056 3689 1090 3752 de
1105 3692 1175 3756 l'cd·
1285 3763 1286 3768 γ
