2574 4198
185 259 245 342 titt
458 267 606 311 nccncnrx
627 265 709 310 susis
729 264 877 312 cxxonrcr.

193 389 209 426 ι
229 372 418 428 reserrentur
432 365 594 445 pensiones
612 383 703 446 super
716 365 838 426 easdem
853 363 1055 444 parochiales,
1071 363 1130 422 etc.
1149 378 1166 416 ιι

231 453 346 515 Exinde
365 460 463 514 tamen
479 452 723 515 concludendum
738 471 803 514 esse
818 473 878 516 non
894 454 956 517 vult
971 447 1172 512 lleiffenstuel

180 544 262 625 (tc,
280 551 313 603 ιι0
330 545 398 617 tot,
414 549 471 604 etc.
475 543 487 622 )
502 541 583 622 qudd
597 560 633 602 ex
647 543 725 619 Justd
739 560 881 622 gravique
890 543 992 608 causti
1010 546 1082 642 puta
1095 535 1174 618 quia

194 633 352 730 resignans
371 638 416 690 est
434 638 519 692 aetate
540 630 711 710 decrepitus
729 631 774 692 xel
790 631 859 692 min
863 649 943 700 mos
960 637 1012 692 eut
1027 615 1098 708 qiiia
1114 643 1176 706 pro

196 719 275 783 bono
289 719 370 800 pacis
383 717 415 778 lit
427 719 589 797 resignatio
603 717 741 781 beneficii
754 719 892 800 litigiosi,
908 727 980 793 etc.
997 736 1060 778 non
1077 715 1176 796 possit

197 811 363 890 Episcopus
381 808 558 887 pensionem
581 807 744 888 assignanti
761 809 927 870 concedere
946 767 982 870 ad
1003 806 1095 866 ritem
1110 803 1176 865 cle-

197 897 250 961 rici
270 896 399 978 gravati,
417 895 501 973 juxta
520 895 755 975 receptissimam
774 899 953 959 sententiam
979 895 1125 956 Barbosae
1146 898 1178 952 et

200 985 335 1066 Fagnani
353 1005 360 1045 ι
377 987 537 1046 Decretum
550 985 633 1046 enim
648 985 782 1047 excludit
795 987 917 1066 quidem
934 985 1081 1047 motivum
1093 981 1180 1062 fovo-

199 1075 493 1155 risetquemcnmqnc
506 1073 642 1147 titolum3
652 1073 704 1134 sed
714 1073 834 1154 perhoc
849 1075 956 1136 merito
972 1079 1072 1153 potest
1086 1071 1177 1134 intel-

198 1161 250 1242 ligi
265 1162 450 1242 quicumque
465 1162 569 1224 titulus
582 1179 641 1222 non
655 1161 797 1224 fundatus
812 1169 842 1224 et
856 1163 988 1234 frivolus,
1000 1164 1075 1223 clim
1087 1159 1179 1238 addat

202 1255 234 1311 ιιι
246 1267 351 1310 casum
367 1249 461 1328 magis
475 1249 671 1311 dubitabilem
684 1251 772 1311 etiam
790 1251 998 1332 praestationis
1011 1249 1179 1310 alimento-

199 1357 285 1411 rum,
302 1336 375 1398 nihil
389 1336 494 1399 dicens
509 1337 547 1399 de
565 1356 637 1400 casu
659 1357 721 1419 quo
742 1340 898 1420 resignans
912 1347 957 1402 est
970 1338 1115 1399 infirmus
1129 1345 1182 1398 aut

202 1423 373 1506 decrepitus
390 1431 420 1487 et
436 1426 595 1489 similibus.
614 1426 706 1489 Aliter
724 1435 823 1491 tamen
838 1429 927 1490 sentit
940 1429 1044 1490 Devoti
1057 1427 1124 1508 (lib.
1141 1431 1180 1495 2,

202 1513 248 1576 tit.
267 1517 315 1589 ll,
330 1513 348 1594 ξ
362 1512 427 1596 34),
442 1513 549 1576 ubisit
565 1534 573 1576 ι
594 1518 711 1578 «Nunc
722 1516 753 1577 in
767 1517 916 1598 parochiis
927 1515 1074 1578 omnibus
1091 1513 1184 1576 indis·

205 1603 428 1666 «criminatam
452 1605 612 1684 pensiones
636 1623 697 1667 non
722 1605 937 1686 imponuntur,
963 1611 999 1667 ut
1027 1603 1184 1684 parochus

208 1713 223 1750 ι
244 1691 378 1772 integros
392 1691 500 1754 habeat
517 1692 650 1756 redditus
668 1711 739 1756 cum
763 1695 875 1774 quibus
889 1693 1076 1774 pauperibus
1089 1710 1183 1772 opem

208 1801 223 1840 ι
244 1779 322 1842 ierre
346 1781 439 1860 possit
459 1801 496 1855 »3
520 1781 651 1861 citatque
676 1781 787 1844 Bened.
812 1785 876 1844 Xlll
911 1784 1012 1843 Const.
1040 1779 1182 1858 Quanta,

205 1871 266 1950 qul
288 1869 504 1931 Constitutione
529 1869 743 1932 confirmatum
776 1869 832 1933 tuit
858 1871 997 1933 Edictum
1019 1869 1183 1950 praefatum

205 1961 309 2019 lnnoo.
325 1959 389 2018 Xll

245 2045 410 2106 Pensiones
423 2045 641 2125 extinguuntur
655 2055 750 2110 morte
759 2048 952 2129 pensionarii.
962 2050 1070 2112 Posset
1078 2055 1184 2110 tamen

206 2135 286 2213 Papa
300 2150 337 2194 ex
359 2133 549 2213 plenitudine
565 2137 715 2216 potestatis
737 2135 835 2200 facere
850 2145 882 2200 ut
896 2145 997 2201 essent
1009 2146 1182 2223 perpetuam

204 2220 259 2283 sed
271 2228 344 2283 tune
360 2238 421 2282 non
435 2221 574 2284 videntur
587 2223 730 2287 differre
721 2245 738 2288 a
752 2226 909 2290 beneficio
923 2227 1109 2289 'tolluntur'
1102 2245 1185 2288 msu-

206 2327 261 2388 per
275 2327 327 2390 per
341 2308 660 2392 redemptionemque
675 2313 708 2374 fit
722 2333 774 2396 per
788 2316 981 2398 anticipatam
997 2316 1183 2376 solutionem

207 2397 340 2478 plurium
362 2416 533 2460 annuarum
556 2401 755 2480 pensionurn3
771 2404 824 2467 sed
844 2423 875 2466 ιιι
896 2407 930 2466 ιιι
952 2423 984 2466 re
999 2403 1185 2466 intervenire

205 2485 334 2549 debetS.
344 2485 495 2548 Pontificis
506 2491 676 2552 auctoritas
684 2493 817 2553 ltemt
767 2498 817 2554 ext
818 2492 948 2594 inguunt
949 2512 985 2555 ur
995 2491 1186 2572 professione

207 2575 391 2656 Religionis,
408 2578 865 2660 matrimonio,degradatione,
885 2582 1012 2643 crimine
1032 2580 1186 2642 haereseos

206 2672 258 2725 aut
281 2664 358 2725 laesae
378 2665 555 2744 majestatis,
572 2670 762 2747 promotione
787 2670 824 2732 ad
844 2671 1097 2768 Episcopaturp:
1121 2687 1186 2732 uno

208 2750 309 2826 verbo,
325 2752 439 2814 caeteris
451 2751 513 2816 iere
526 2755 623 2816 modis
635 2757 764 2838 quibus
758 2777 820 2839 ipsa
830 2759 976 2821 beneficis
988 2757 1183 2820 amittuntur.

251 2861 267 2900 ι
288 2843 396 2904 Pensio
415 2843 564 2906 excedens
582 2863 732 2908 summam
752 2854 906 2910 scutorum
924 2850 964 2910 60
981 2846 1020 2908 de
1034 2848 1183 2925 Camere,

213 2951 227 2989 ι
248 2931 432 3012 extinguitur
444 2951 480 2994 eo
491 2933 570 3012 ipso,
587 2935 651 2996 sine
663 2935 723 2998 ulla
734 2937 915 3014 monitione,
927 2935 1182 3016 citatione‚Judi-

210 3040 228 3078 ι
249 3018 292 3080 cis
306 3021 441 3094 decreto
455 3029 507 3081 aut
522 3023 703 3097 ministerio,
720 3025 744 3086 si
760 3025 968 3106 pensionarius
985 3042 1045 3084 non
1069 3024 1185 3087 deierat

213 3128 227 3164 ι
248 3106 384 3168 habitum
405 3113 435 3168 et
457 3115 611 3170 tonsuram
630 3111 799 3175 clericalem
819 3119 902 3174 tanto
923 3121 1061 3192 tempore
1085 3119 1121 3174 ut
1108 3114 1184 3175 tab

211 3216 228 3252 ιι
248 3196 391 3256 omnibus
404 3205 556 3277 reputetur
569 3198 681 3262 laicus:
697 3201 740 3264 sie
753 3203 893 3284 expresse
908 3202 1008 3264 Sixtus
1022 3201 1182 3266 VGonstit.

213 3305 228 3339 ι
249 3281 341 3362 incip
358 3282 431 3345 Post
420 3285 497 3346 torol
498 3305 532 3347 ts.
547 3308 563 3344 ι)
