2574 4198
203 237 263 298 626
475 246 629 292 rmnrnra
649 245 732 291 runis
752 245 903 292 canonici.

206 347 340 410 affirmat
354 346 547 410 Reiffenstuel
564 346 628 427 (lib.
642 349 680 418 3,
696 347 741 407 tit.
759 350 813 420 l3,
825 358 859 406 n·
872 345 925 426 32)
943 392 951 422 ‚
970 349 1001 408 et
1014 344 1179 428 dicitquod

209 459 225 496 n
245 436 504 500 consuetudine...
528 435 560 498 in
581 435 743 496 Germania
755 441 784 496 et
801 435 875 496 loeis
886 433 924 496 ab
937 433 1018 498 Urbe
1031 435 1181 509 remotis,

209 548 225 586 c
245 524 296 588 ubi
312 525 441 588 difficilis
452 532 499 587 est
512 525 550 586 ad
564 523 675 605 Papam
691 523 805 600 aditus,
820 521 1182 603 Extravagansrlmbitin-

209 638 224 674 c
245 632 278 678 sc
292 621 412 694 recepta
423 633 484 675 non
497 620 558 689 est,
574 613 681 674 saltem
695 611 795 692 quoad
805 611 864 673 boo
875 609 1009 673 uteliam
1024 609 1185 674 inferiores
1282 687 1283 690 Ἴ

211 727 226 763 n
247 703 362 765 Praelati
377 702 530 784 Episcopis
541 701 666 778 subjecti
677 707 837 762 teneantur
853 699 884 761 in
905 698 1056 778 ejusmodi
1070 699 1184 762 aliena·
1282 697 1283 720 ³

210 814 225 847 α
246 790 379 852 tionibus
393 791 578 854 consensum
592 787 680 869 Papae
694 787 942 869 requirere,adeb
952 795 985 847 ut
1000 786 1041 846 ibi
1057 787 1184 850 sufficiat

211 901 225 936 a
247 897 416 952 consensus
428 879 611 960 Episcopi.»
630 879 722 938 Posse
739 877 831 938 talem
848 874 1107 938 consuetudinem
1121 895 1184 940 esse

208 967 374 1048 legitimam
393 967 532 1030 concedit
546 969 581 1028 b.
598 965 693 1027 Bouix
712 1012 719 1042 ‚
749 964 802 1046 qui
825 965 896 1027 citat
909 971 1011 1026 tamen
1033 963 1125 1026 Curd.
1144 968 1184 1026 lle

208 1057 287 1118 Luca
302 1073 389 1117 secus
401 1056 596 1128 sentientem3
609 1062 638 1115 et
652 1055 754 1116 revera
768 1052 800 1114 in
808 1055 936 1116 Decreta
945 1051 1061 1117 Urbani
1075 1055 1183 1129 v111,⁷.
1281 1113 1283 1136 ,

208 1151 284 1223 sept.
300 1147 378 1205 roal
392 1143 460 1220 ,ubi
478 1143 639 1224 prohibitio
653 1143 814 1204 innovatur
828 1160 900 1222 erga
914 1142 1069 1223 regulares
1086 1189 1095 1222 ‚
1112 1143 1185 1205 dici·
1282 1139 1283 1208 l

209 1237 258 1292 tur
274 1250 281 1292 :
298 1233 394 1294 «Non
408 1230 597 1294 obstantibus
611 1229 899 1307 consuetudinibus,
915 1231 1006 1292 etiam
1021 1231 1187 1294 immemo-

214 1341 229 1378 r
250 1319 390 1397 rioribus,
404 1320 568 1402 privilegiis
581 1326 610 1381 et
620 1319 860 1381 ordinationibus
871 1319 1187 1402 Apostolicisquibus-
1282 1351 1283 1356 ¹

213 1431 228 1466 c
249 1409 323 1470 libet
335 1430 366 1472 n.
383 1408 443 1472 Sed
456 1408 516 1470 dici
536 1415 637 1490 posset
657 1408 739 1489 qudd
760 1407 818 1468 boc
839 1408 1002 1470 Decretum
1032 1410 1188 1492 regulares

211 1499 327 1560 antbm
342 1498 492 1580 respiciat.
501 1500 540 1559 Et
553 1499 655 1560 revoria
671 1515 732 1558 non
747 1497 864 1558 videtur
878 1515 933 1558 cur
947 1497 978 1558 in
989 1497 1047 1559 bac
1060 1500 1189 1561 materia

210 1585 342 1668 legitima
355 1606 417 1649 non
427 1593 528 1668 posset
534 1587 660 1649 evadere
670 1585 857 1648 consuetudo
870 1604 931 1646 non
946 1588 1128 1668 expectandi
1139 1587 1188 1651 be·
1282 1639 1283 1648 ,

210 1677 392 1756 neplacitum
404 1675 623 1757 Apostolicum‚
634 1675 659 1736 si
669 1675 808 1735 adessent
817 1673 1008 1735 conditiones
1021 1677 1187 1756 requisitae.

249 1765 395 1828 Noandae
406 1773 476 1828 sunt
490 1771 592 1826 tamen
604 1771 765 1844 sequentes
776 1763 945 1824 decisiones
960 1765 990 1825 S.
1007 1763 1041 1826 C.
1057 1765 1113 1826 (λε
1130 1767 1190 1828 Pri·

210 1859 289 1936 mal
303 1855 370 1935 julii
385 1859 462 1916 1647
474 1855 505 1914 in
521 1852 759 1924 Uladz'sluoicnst}
777 1851 971 1914 ubidicitur:
986 1874 1002 1912 u
1015 1855 1085 1914 Non
1098 1873 1188 1918 usum

214 1964 229 2000 n
249 1942 336 2004 dictae
350 1942 577 2004 constitutionis
591 1941 630 2023 (A
636 1937 796 2020 anditione)
808 1940 998 2020 allegabilem
1016 1960 1080 2002 non
1096 1961 1162 2006 esse
1176 1967 1185 2022 ;

215 2053 230 2089 u
250 2037 279 2092 et
291 2031 395 2112 adaque
410 2030 589 2112 beneplacito
610 2029 808 2111 (apostolico)
827 2030 1023 2092 alienationes
1040 2031 1116 2114 fieri
1128 2053 1188 2096 non

214 2142 230 2178 a
249 2119 350 2182 uetere
362 2143 392 2180 n.
410 2119 549 2181 Secunda
564 2123 601 2180 l3
617 2137 685 2180 nov.
700 2122 797 2190 1655,
818 2118 850 2179 in
869 2120 932 2180 und
946 2119 1113 2184 Mediolon.
1132 2170 1140 2195 ‚
1157 2125 1187 2186 in

210 2209 270 2288 qud
285 2207 365 2270 idem
383 2208 440 2271 luit
460 2207 637 2282 decretum,
655 2207 863 2269 nonobstante
884 2218 1036 2290 praetenso
1059 2211 1189 2294 atleputc

209 2315 267 2356 non
279 2316 350 2368 usn,
367 2295 652 2366 seueonsuetudine,
676 2306 706 2359 et
719 2296 768 2358 die
781 2301 821 2358 20
842 2316 907 2359 nov.
934 2301 1011 2360 1655
1033 2297 1123 2378 snctd
1142 2323 1189 2363 re·

210 2384 318 2448 latione
330 2386 535 2464 Sanctionem
551 2387 739 2468 approbavit.

248 2477 338 2538 Juxta
353 2475 437 2538 [land.
450 2478 553 2537 Petra:
575 2475 833 2558 «beneplacitum
849 2476 1096 2557 Apostolicnrn...
1112 2500 1189 2564 sup-

212 2587 227 2622 «
248 2563 312 2644 plet
325 2583 432 2626 omnes
446 2571 476 2625 et
487 2583 696 2646 quascumque
706 2566 821 2643 juris...
833 2566 1036 2629 solemnitates
1045 2566 1189 2650 (proinde
1278 2563 1279 2570 ἵ

212 2676 225 2710 n
249 2671 432 2716 consensum
447 2654 585 2734 Capituli,
601 2654 659 2714 nisi
669 2655 707 2714 sit
719 2674 787 2735 pars
811 2655 899 2733 enjus
917 2654 1040 2718 interest
1058 2658 1092 2719 in
1109 2679 1188 2726 cou-

210 2765 225 2800 ι(
247 2747 380 2806 tractu...
395 2763 404 2820 ;
419 2750 520 2804 tamen
536 2744 969 2824 nequitsupplerecausam...,
993 2746 1090 2809 nisi...
1107 2748 1189 2832 Papa

210 2853 224 2888 a
246 2838 350 2914 ageret
362 2833 400 2896 de
414 2831 603 2912 plenitudine
618 2832 787 2914 potestatis,
803 2835 874 2894 clim
889 2852 925 2895 eo
938 2853 1011 2897 casu
1026 2845 1104 2898 esset
1119 2839 1188 2901 vali-

210 2943 224 2978 «
246 2921 303 2984 dns
317 2933 402 2986 actus
410 2923 600 2984 alienationis
615 2922 710 2984 lactus
724 2922 790 2984 sine
805 2925 896 2984 causa
914 2941 921 2984 :
941 2941 1013 2984 nam
1028 2925 1109 3006 Papa
1124 2947 1186 2991 non

209 3032 224 3067 (ι
245 3018 290 3072 est
304 3011 433 3091 simplex
446 3011 670 3071 administrator
685 3029 786 3072 rerum
803 3012 959 3086 Ecclesiae,
976 3012 1029 3074 sed
1048 3014 1140 3078 babet
1154 3017 1185 3079 in
1275 3049 1276 3054 κ

210 3121 226 3157 n
245 3098 836 3161 illisadministrationemdominicalem
852 3100 1055 3180 prolluentem
1066 3122 1103 3165 ex
1116 3105 1186 3184 jure

209 3210 225 3244 a
245 3186 450 3250 monarchico.
466 3209 481 3245 a
500 3187 565 3248 Hoc
577 3193 678 3249 tamen
695 3207 755 3249 noir
770 3189 899 3250 admittit
914 3192 945 3252 S.
963 3190 1087 3272 Lignor.
1106 3197 1184 3272 ,sed
1274 3215 1275 3218 ’

205 3273 292 3340 babet
307 3284 340 3340 ut
366 3275 597 3358 probabiliorem
621 3278 801 3338 sententiam
822 3297 890 3357 quae
917 3298 979 3341 non
999 3281 1135 3346 attribuit
1151 3287 1185 3348 S.

204 3364 343 3430 Pontifici
356 3366 528 3428 dominium
552 3385 655 3429 rerum
682 3367 952 3431 ecclesiasticarum
965 3389 974 3445 ;
1002 3374 1033 3430 et
1056 3370 1181 3454 insuper

203 3456 265 3534 (lib.
282 3461 313 3532 t,
330 3466 364 3518 n⁰
378 3460 446 3532 187,
461 3465 523 3518 not.
537 3456 584 3538 40)
600 3459 739 3537 expresse
753 3456 825 3518 dicit
837 3457 920 3539 qudd
943 3458 1084 3522 alienatio
1105 3461 1181 3526 iacta

202 3547 268 3608 sine
279 3545 359 3628 jusit
372 3549 489 3609 causta
504 3547 535 3607 S.
551 3546 696 3608 Pontifice
712 3593 721 3622 ‚
736 3546 764 3607 ri
777 3547 833 3627 fior
848 3548 881 3607 in
897 3547 994 3608 aliam
1008 3551 1179 3626 ecclesium,

202 3635 383 3716 eritquidem
395 3634 507 3703 vclr'dn,
525 3634 594 3696 licet
609 3635 712 3697 illicita
726 3655 736 3712 3
752 3634 776 3699 S
781 3637 793 3696 ί
802 3637 869 3697 aeid
884 3636 939 3701 dut
952 3636 984 3698 in
998 3657 1066 3700 usus
1078 3641 1181 3721 protn-

202 3739 263 3800 ncs‚
278 3725 334 3786 erit
348 3724 457 3786 illicita
470 3734 498 3786 et
510 3719 654 3781 fflvalt'dss·
1271 3709 1272 3800 l

1261 3979 1270 4160 l
