2574 4198
409 372 411 376 ’
457 419 762 497 unaucurt

163 632 463 774 runis
537 599 1112 819 unuourm'

544 907 580 948 ΑΙ)
595 907 668 950 usu!

282 1072 481 1155 annun
514 1014 923 1158 suuimnronuu.

495 1279 717 1306 κου’-

370 1430 543 1516 LIBER
570 1431 838 1518 TERTIUS.

491 1609 537 1655 DE
561 1607 720 1655 sumens.

150 1876 222 1937 tet.
234 1870 281 1932 Ad
297 1869 417 1951 plenam
425 1869 583 1953 praesentis
597 1868 729 1931 materiae
743 1869 982 1933 enucleationem
993 1871 1092 1937 dicen·

109 1963 184 2026 dum
196 1965 295 2024 esset:
310 1963 342 2021 l⁰
351 1959 389 2020 de
401 1959 527 2021 tudiciis
536 1957 745 2021 ecclesiasticis
754 1957 853 2020 sivein
867 1979 979 2041 genere
986 1962 1046 2025 sive
1060 1963 1091 2025 in

109 2051 231 2134 specie3
254 2054 287 2111 2⁰
307 2049 345 2111 de
367 2047 502 2124 delictis3
526 2051 558 2110 3⁰
582 2046 620 2108 de
643 2047 743 2129 poenis
760 2067 767 2108 :
784 2048 835 2110 sed
860 2049 1007 2130 quoniam
1027 2050 1092 2114 haec

109 2139 216 2200 omnia
231 2139 263 2199 in
279 2155 342 2199 unc
354 2136 494 2198 Munucli
505 2136 659 2198 volumine
676 2154 736 2197 non
756 2144 799 2198 est
815 2137 996 2218 possibilitas
1015 2159 1091 2202 con-

110 2227 268 2290 venienter
283 2225 464 2306 explanandi
473 2244 483 2299 ;
499 2225 659 2304 loquemur
673 2224 818 2286 duntaxat
831 2225 869 2286 de
884 2226 981 2306 poenis
1010 2227 1038 2280 et
1052 2222 1090 2282 dr

114 2315 252 2391 delictis,
266 2315 351 2396 prius
366 2322 467 2376 tamen
483 2313 613 2375 stabilite
626 2313 701 2374 thesi
717 2312 755 2374 de
771 2320 914 2393 potestate
934 2314 1092 2393 judiciarii

111 2404 254 2466 Ecclesiae
267 2403 385 2479 tradita,
397 2410 425 2462 et
444 2401 520 2463 datis
536 2402 709 2487 notionibus
723 2401 905 2482 quibusdam
921 2403 959 2464 de
971 2403 1092 2482 judiciis

109 2511 146 2555 ex
161 2493 325 2553 informata
336 2489 531 2552 conscientia.
549 2490 593 2552 ot.
611 2499 715 2554 tamen
730 2511 803 2575 app.
821 2514 853 2556 n.
869 2495 918 2557 Xl.

149 2584 223 2644 795.
242 2580 364 2652 Quaerit.
377 2584 407 2640 l⁰
419 2583 463 2640 dn
481 2579 611 2641 Ecclesia
626 2578 735 2643 habeat
745 2582 846 2644 lorum
854 2587 1025 2657 externum,
1039 2599 1092 2644 seu

111 2669 236 2752 proprie
249 2668 362 2730 dictam
376 2675 553 2748 potestatem
565 2667 768 2749 judiciariam.

150 2757 239 2820 Multi
262 2755 435 2818 heterodoxi
456 2759 625 2836 negarunt,
650 2758 786 2839 apprime
810 2757 1010 2838 intelligentes
1035 2779 1090 2839 pa-

111 2849 180 2909 riam
195 2845 253 2907 sibi
273 2863 338 2906 esse
361 2845 632 2926 pertimescendam
651 2845 794 2906 Ecclesiae
813 2847 1042 2918 auctoritatem,
1067 2849 1090 2909 si

110 2936 150 2996 ita
172 2939 380 2997 coarctaretur
398 2933 478 2996 illius
496 2938 627 3014 potestas
648 2938 680 2993 ut
694 2940 795 3013 posset
813 2933 931 2992 tantum
951 2933 1090 3012 suadere,

110 3024 289 3106 deprecare,
319 3022 431 3084 autad
461 3039 616 3084 summum
644 3021 925 3097 excommunicare,
953 3022 1036 3083 nulla
1063 3022 1091 3085 vi

111 3111 246 3174 adhibita
263 3109 376 3186 ulmi,
392 3111 483 3171 etiam
498 3111 592 3185 inviti,
609 3129 713 3173 coram
729 3131 785 3174 suo
800 3111 943 3172 tribunali
963 3127 1090 3192 compa-
1186 3128 1189 3134 ·

112 3209 215 3263 renent
228 3209 258 3262 et
273 3199 336 3262 suis
351 3199 508 3261 sententiis
522 3199 776 3281 obtemperarent.

155 3311 171 3350 u
194 3289 316 3350 Primus
330 3289 432 3350 Aetius
446 3305 570 3348 omnem
584 3289 726 3350 Ecclesiae
739 3288 982 3366 jurisdictionem
1000 3297 1031 3351 et
1045 3289 1090 3351 le-

114 3400 130 3438 «
149 3377 320 3460 gislativam
333 3383 510 3458 potestatem
523 3378 639 3458 eripere
654 3385 781 3438 conatus
799 3385 845 3438 est
860 3395 866 3436 :
879 3378 945 3455 ejus
956 3396 1089 3440 errorem

114 3487 131 3528 c
150 3466 255 3529 secuti
264 3472 337 3527 sunt
346 3464 521 3538 valdenses
537 3467 671 3526 loannes
681 3464 820 3540 Hussius,
833 3465 992 3548 Marsylius
1005 3465 1090 3528 Pata·

115 3575 131 3613 a
151 3555 253 3630 vinus,
269 3552 441 3624 laudunus,
456 3551 617 3625 Lutherus‚
633 3552 784 3628 Calvinus,
802 3555 934 3625 Grotius,
951 3553 1002 3636 qui
1015 3553 1089 3616 salso

114 3665 130 3703 ι
150 3647 297 3726 putarunt
319 3640 434 3704 nullam
450 3640 590 3702 Ecclesiae
605 3657 671 3701 esse
685 3640 940 3721 iurisdictionem,
955 3643 1008 3703 sed
1022 3661 1088 3703 om·

114 3733 129 3792 c*
151 3750 223 3794 nem
239 3732 306 3810 ejus
321 3729 351 3791 in
367 3729 527 3809 dirigendo
542 3735 571 3790 et
585 3728 741 3792 suadendo
755 3731 884 3809 positam
899 3749 964 3792 osse
981 3737 1088 3792 aucto-
