<?xml version="1.0" encoding="UTF-8"?>
<!DOCTYPE html PUBLIC "-//W3C//DTD XHTML 1.0 Transitional//EN"
    "http://www.w3.org/TR/xhtml1/DTD/xhtml1-transitional.dtd">
<html xmlns="http://www.w3.org/1999/xhtml" xml:lang="en" lang="en">
 <head>
  <title>
</title>
<meta http-equiv="Content-Type" content="text/html;charset=utf-8" />
  <meta name='ocr-system' content='tesseract 3.04.00' />
  <meta name='ocr-capabilities' content='ocr_page ocr_carea ocr_par ocr_line ocrx_word'/>
</head>
<body>
  <div class='ocr_page' id='page_1' title='image "./elementajurisca00craigoog_0318.png"; bbox 0 0 2590 4208; ppageno 0'>
   <div class='ocr_carea' id='block_1_1' title="bbox 359 239 1138 320">
    <p class='ocr_par' dir='ltr' id='par_1_1' title="bbox 359 239 1138 320">
     <span class='ocr_line' id='line_1_1' title="bbox 359 239 1138 320; baseline 0.013 -11"><span class='ocrx_word' id='word_1_1' title='bbox 359 239 374 278; x_wconf 80' lang='grc'><strong>·’</strong></span> <span class='ocrx_word' id='word_1_2' title='bbox 467 265 551 310; x_wconf 82' lang='lat' dir='ltr'><strong>ernsn</strong></span> <span class='ocrx_word' id='word_1_3' title='bbox 571 259 705 310; x_wconf 81' lang='lat' dir='ltr'><strong>rnnnus.</strong></span> <span class='ocrx_word' id='word_1_4' title='bbox 1035 255 1069 320; x_wconf 80' lang='lat' dir='ltr'><strong>lt</strong></span> <span class='ocrx_word' id='word_1_5' title='bbox 1130 261 1138 282; x_wconf 79' lang='lat'><strong><em>⁴</em></strong></span> 
     </span>
    </p>
   </div>
   <div class='ocr_carea' id='block_1_2' title="bbox 90 375 1074 1344">
    <p class='ocr_par' dir='ltr' id='par_1_2' title="bbox 90 375 1074 1344">
     <span class='ocr_line' id='line_1_2' title="bbox 90 375 1063 460; baseline 0.01 -24"><span class='ocrx_word' id='word_1_6' title='bbox 90 392 110 436; x_wconf 85' lang='lat' dir='ltr'><strong>o</strong></span> <span class='ocrx_word' id='word_1_7' title='bbox 134 377 326 438; x_wconf 88' lang='lat' dir='ltr'><strong>monasteria</strong></span> <span class='ocrx_word' id='word_1_8' title='bbox 342 376 409 460; x_wconf 90' lang='lat' dir='ltr'><strong>ipsa</strong></span> <span class='ocrx_word' id='word_1_9' title='bbox 425 376 573 458; x_wconf 82' lang='lat' dir='ltr'>deinceps</span> <span class='ocrx_word' id='word_1_10' title='bbox 588 375 767 454; x_wconf 85' lang='lat' dir='ltr'><strong>egrediendi</strong></span> <span class='ocrx_word' id='word_1_11' title='bbox 787 377 918 442; x_wconf 75' lang='lat' dir='ltr'><strong>facultas</strong></span> <span class='ocrx_word' id='word_1_12' title='bbox 938 403 967 444; x_wconf 85' lang='lat' dir='ltr'><strong>n.</strong></span> <span class='ocrx_word' id='word_1_13' title='bbox 984 383 1063 450; x_wconf 86' lang='lat' dir='ltr'><strong>&#39;lom</strong></span> 
     </span>
     <span class='ocr_line' id='line_1_3' title="bbox 92 463 1067 548; baseline 0.013 -25"><span class='ocrx_word' id='word_1_14' title='bbox 92 481 129 524; x_wconf 83' lang='lat' dir='ltr'><strong>ex</strong></span> <span class='ocrx_word' id='word_1_15' title='bbox 146 463 242 528; x_wconf 82' lang='lat' dir='ltr'><strong>Cone.</strong></span> <span class='ocrx_word' id='word_1_16' title='bbox 261 465 399 528; x_wconf 86' lang='lat' dir='ltr'><strong>Trident.</strong></span> <span class='ocrx_word' id='word_1_17' title='bbox 419 466 505 548; x_wconf 88' lang='lat' dir='ltr'><strong>(sess.</strong></span> <span class='ocrx_word' id='word_1_18' title='bbox 529 482 602 538; x_wconf 82' lang='lat' dir='ltr'>xxv,</span> <span class='ocrx_word' id='word_1_19' title='bbox 619 481 645 525; x_wconf 89' lang='lat' dir='ltr'><strong>e.</strong></span> <span class='ocrx_word' id='word_1_20' title='bbox 662 465 692 540; x_wconf 80' lang='lat'><strong>5,</strong></span> <span class='ocrx_word' id='word_1_21' title='bbox 714 471 750 528; x_wconf 88' lang='lat' dir='ltr'><strong>de</strong></span> <span class='ocrx_word' id='word_1_22' title='bbox 773 467 932 547; x_wconf 80' lang='lat' dir='ltr'><strong>Itepntnr.)</strong></span> <span class='ocrx_word' id='word_1_23' title='bbox 953 471 997 534; x_wconf 89' lang='lat' dir='ltr'><strong>sic</strong></span> <span class='ocrx_word' id='word_1_24' title='bbox 1010 472 1067 536; x_wconf 90' lang='lat' dir='ltr'><strong>ha·</strong></span> 
     </span>
     <span class='ocr_line' id='line_1_4' title="bbox 93 552 1066 644; baseline 0.013 -32"><span class='ocrx_word' id='word_1_25' title='bbox 93 552 187 614; x_wconf 89' lang='lat' dir='ltr'><strong>bente</strong></span> <span class='ocrx_word' id='word_1_26' title='bbox 211 572 219 616; x_wconf 91' lang='lat'>:</span> <span class='ocrx_word' id='word_1_27' title='bbox 247 553 407 617; x_wconf 74' lang='lat' dir='ltr'><strong>«Nemini</strong></span> <span class='ocrx_word' id='word_1_28' title='bbox 422 565 526 618; x_wconf 88' lang='lat' dir='ltr'><strong>autem</strong></span> <span class='ocrx_word' id='word_1_29' title='bbox 550 554 840 616; x_wconf 82' lang='lat' dir='ltr'><strong>sanctimonialium</strong></span> <span class='ocrx_word' id='word_1_30' title='bbox 868 555 980 634; x_wconf 84' lang='lat' dir='ltr'><strong>liceat,</strong></span> <span class='ocrx_word' id='word_1_31' title='bbox 1003 573 1066 644; x_wconf 86' lang='lat' dir='ltr'><strong>post</strong></span> 
     </span>
     <span class='ocr_line' id='line_1_5' title="bbox 93 641 1066 723; baseline 0.014 -25"><span class='ocrx_word' id='word_1_32' title='bbox 93 661 109 698; x_wconf 79' lang='lat' dir='ltr'><strong>n</strong></span> <span class='ocrx_word' id='word_1_33' title='bbox 131 641 351 723; x_wconf 70' lang='lat' dir='ltr'><em>professionem,</em></span> <span class='ocrx_word' id='word_1_34' title='bbox 363 644 448 706; x_wconf 83' lang='lat' dir='ltr'><strong>exire</strong></span> <span class='ocrx_word' id='word_1_35' title='bbox 462 663 480 706; x_wconf 89' lang='lat' dir='ltr'><strong>e</strong></span> <span class='ocrx_word' id='word_1_36' title='bbox 493 642 697 717; x_wconf 87' lang='lat' dir='ltr'><strong>monasterio,</strong></span> <span class='ocrx_word' id='word_1_37' title='bbox 711 643 806 704; x_wconf 87' lang='lat' dir='ltr'><strong>etiam</strong></span> <span class='ocrx_word' id='word_1_38' title='bbox 820 645 982 722; x_wconf 83' lang='lat' dir='ltr'><strong>perbreve</strong></span> <span class='ocrx_word' id='word_1_39' title='bbox 995 658 1066 712; x_wconf 87' lang='lat' dir='ltr'><strong>tem·</strong></span> 
     </span>
     <span class='ocr_line' id='line_1_6' title="bbox 94 731 1067 816; baseline 0.015 -29"><span class='ocrx_word' id='word_1_40' title='bbox 94 749 109 786; x_wconf 74' lang='grc' dir='ltr'><strong>ι)</strong></span> <span class='ocrx_word' id='word_1_41' title='bbox 134 749 207 809; x_wconf 88' lang='lat' dir='ltr'><strong>pus,</strong></span> <span class='ocrx_word' id='word_1_42' title='bbox 233 751 437 814; x_wconf 84' lang='lat' dir='ltr'><strong>quocumque</strong></span> <span class='ocrx_word' id='word_1_43' title='bbox 459 740 634 814; x_wconf 78' lang='lat' dir='ltr'><strong>praetextu,</strong></span> <span class='ocrx_word' id='word_1_44' title='bbox 656 731 717 792; x_wconf 87' lang='lat' dir='ltr'><strong>nisi</strong></span> <span class='ocrx_word' id='word_1_45' title='bbox 739 749 776 794; x_wconf 83' lang='lat' dir='ltr'><strong>ex</strong></span> <span class='ocrx_word' id='word_1_46' title='bbox 800 731 906 814; x_wconf 87' lang='lat' dir='ltr'><strong>aliqua</strong></span> <span class='ocrx_word' id='word_1_47' title='bbox 929 735 1067 816; x_wconf 79' lang='lat' dir='ltr'><strong>legitima</strong></span> 
     </span>
     <span class='ocr_line' id='line_1_7' title="bbox 93 817 746 903; baseline 0.005 -24"><span class='ocrx_word' id='word_1_48' title='bbox 93 838 110 873; x_wconf 69' lang='lat' dir='ltr'><strong>a</strong></span> <span class='ocrx_word' id='word_1_49' title='bbox 133 837 247 895; x_wconf 89' lang='lat' dir='ltr'><strong>causa,·</strong></span> <span class='ocrx_word' id='word_1_50' title='bbox 260 819 299 880; x_wconf 90' lang='lat' dir='ltr'><strong>ab</strong></span> <span class='ocrx_word' id='word_1_51' title='bbox 318 821 475 902; x_wconf 85' lang='lat' dir='ltr'><strong>Episcopo</strong></span> <span class='ocrx_word' id='word_1_52' title='bbox 490 817 695 903; x_wconf 90' lang='lat' dir='ltr'><strong>approbanda</strong></span> <span class='ocrx_word' id='word_1_53' title='bbox 717 842 746 882; x_wconf 82' lang='lat' dir='ltr'><strong>a.</strong></span> 
     </span>
     <span class='ocr_line' id='line_1_8' title="bbox 134 906 1069 994; baseline 0.009 -26"><span class='ocrx_word' id='word_1_54' title='bbox 134 907 537 990; x_wconf 83' lang='lat' dir='ltr'><strong>Secundnmprobaturex</strong></span> <span class='ocrx_word' id='word_1_55' title='bbox 561 906 667 970; x_wconf 89' lang='lat' dir='ltr'><strong>Const.</strong></span> <span class='ocrx_word' id='word_1_56' title='bbox 691 907 722 971; x_wconf 88' lang='lat' dir='ltr'><strong>S.</strong></span> <span class='ocrx_word' id='word_1_57' title='bbox 751 908 795 970; x_wconf 90' lang='lat' dir='ltr'><strong>Pii</strong></span> <span class='ocrx_word' id='word_1_58' title='bbox 820 907 1069 994; x_wconf 82' lang='lat' dir='ltr'><strong>VCircnpnstn·</strong></span> 
     </span>
     <span class='ocr_line' id='line_1_9' title="bbox 97 993 1069 1076; baseline 0.01 -20"><span class='ocrx_word' id='word_1_59' title='bbox 97 995 189 1072; x_wconf 60' lang='lat' dir='ltr'><strong>relis-</strong></span> <span class='ocrx_word' id='word_1_60' title='bbox 202 993 241 1056; x_wconf 58' lang='grc' dir='ltr'><strong>ιθ</strong></span> <span class='ocrx_word' id='word_1_61' title='bbox 257 997 330 1057; x_wconf 91' lang='lat' dir='ltr'><strong>maii</strong></span> <span class='ocrx_word' id='word_1_62' title='bbox 348 996 437 1068; x_wconf 78' lang='lat' dir='ltr'><strong>iton,</strong></span> <span class='ocrx_word' id='word_1_63' title='bbox 450 997 516 1071; x_wconf 77' lang='lat' dir='ltr'><strong>ubi,</strong></span> <span class='ocrx_word' id='word_1_64' title='bbox 529 995 662 1076; x_wconf 85' lang='lat' dir='ltr'><strong>loquens</strong></span> <span class='ocrx_word' id='word_1_65' title='bbox 671 994 711 1059; x_wconf 90' lang='lat' dir='ltr'><strong>de</strong></span> <span class='ocrx_word' id='word_1_66' title='bbox 721 997 879 1060; x_wconf 87' lang='lat' dir='ltr'><strong>Tertiariis</strong></span> <span class='ocrx_word' id='word_1_67' title='bbox 890 999 1069 1065; x_wconf 81' lang='lat' dir='ltr'><strong>clausuram</strong></span> 
     </span>
     <span class='ocr_line' id='line_1_10' title="bbox 98 1083 1069 1159; baseline 0.008 -13"><span class='ocrx_word' id='word_1_68' title='bbox 98 1102 160 1147; x_wconf 90' lang='lat' dir='ltr'><strong>nou</strong></span> <span class='ocrx_word' id='word_1_69' title='bbox 186 1085 395 1159; x_wconf 82' lang='lat' dir='ltr'><strong>servantibus,</strong></span> <span class='ocrx_word' id='word_1_70' title='bbox 412 1085 553 1148; x_wconf 89' lang='lat' dir='ltr'><strong>decernit</strong></span> <span class='ocrx_word' id='word_1_71' title='bbox 577 1092 612 1146; x_wconf 90' lang='lat' dir='ltr'><strong>ut</strong></span> <span class='ocrx_word' id='word_1_72' title='bbox 635 1083 685 1146; x_wconf 85' lang='lat' dir='ltr'><strong>vel</strong></span> <span class='ocrx_word' id='word_1_73' title='bbox 710 1093 781 1148; x_wconf 90' lang='lat' dir='ltr'><strong>vota</strong></span> <span class='ocrx_word' id='word_1_74' title='bbox 808 1087 960 1152; x_wconf 89' lang='lat' dir='ltr'><strong>solemnia</strong></span> <span class='ocrx_word' id='word_1_75' title='bbox 975 1092 1069 1154; x_wconf 91' lang='lat' dir='ltr'><strong>emit-</strong></span> 
     </span>
     <span class='ocr_line' id='line_1_11' title="bbox 102 1173 1070 1261; baseline 0.009 -27"><span class='ocrx_word' id='word_1_76' title='bbox 102 1181 169 1234; x_wconf 88' lang='lat' dir='ltr'><strong>tant</strong></span> <span class='ocrx_word' id='word_1_77' title='bbox 184 1182 215 1233; x_wconf 87' lang='lat' dir='ltr'><strong>et</strong></span> <span class='ocrx_word' id='word_1_78' title='bbox 230 1192 297 1235; x_wconf 89' lang='lat' dir='ltr'><strong>sese</strong></span> <span class='ocrx_word' id='word_1_79' title='bbox 311 1175 464 1238; x_wconf 80' lang='lat' dir='ltr'><strong>clausurae</strong></span> <span class='ocrx_word' id='word_1_80' title='bbox 479 1173 657 1256; x_wconf 75' lang='lat' dir='ltr'><strong>subjiciant,</strong></span> <span class='ocrx_word' id='word_1_81' title='bbox 675 1175 723 1236; x_wconf 82' lang='lat' dir='ltr'><strong>vel</strong></span> <span class='ocrx_word' id='word_1_82' title='bbox 739 1173 842 1238; x_wconf 89' lang='lat' dir='ltr'><strong>nullas</strong></span> <span class='ocrx_word' id='word_1_83' title='bbox 864 1177 895 1238; x_wconf 92' lang='lat' dir='ltr'><strong>in</strong></span> <span class='ocrx_word' id='word_1_84' title='bbox 912 1188 1070 1261; x_wconf 89' lang='lat' dir='ltr'><strong>posterum</strong></span> 
     </span>
     <span class='ocr_line' id='line_1_12' title="bbox 101 1261 1074 1344; baseline 0.01 -22"><span class='ocrx_word' id='word_1_85' title='bbox 101 1262 223 1344; x_wconf 87' lang='lat' dir='ltr'><strong>possint</strong></span> <span class='ocrx_word' id='word_1_86' title='bbox 239 1263 377 1344; x_wconf 88' lang='lat' dir='ltr'><strong>recipere</strong></span> <span class='ocrx_word' id='word_1_87' title='bbox 391 1263 537 1326; x_wconf 88' lang='lat' dir='ltr'><strong>novitias.</strong></span> <span class='ocrx_word' id='word_1_88' title='bbox 553 1263 626 1324; x_wconf 84' lang='lat' dir='ltr'><strong>Haec</strong></span> <span class='ocrx_word' id='word_1_89' title='bbox 645 1280 720 1325; x_wconf 91' lang='lat' dir='ltr'><strong>vero</strong></span> <span class='ocrx_word' id='word_1_90' title='bbox 735 1261 922 1331; x_wconf 88' lang='lat' dir='ltr'><strong>Constitutio</strong></span> <span class='ocrx_word' id='word_1_91' title='bbox 936 1287 1074 1331; x_wconf 90' lang='lat' dir='ltr'><strong>commu·</strong></span> 
     </span>
    </p>
   </div>
   <div class='ocr_carea' id='block_1_3' title="bbox 102 1350 1155 1430">
    <p class='ocr_par' dir='ltr' id='par_1_3' title="bbox 102 1350 1155 1430">
     <span class='ocr_line' id='line_1_13' title="bbox 102 1350 1155 1430; baseline 0.007 -18"><span class='ocrx_word' id='word_1_92' title='bbox 102 1352 184 1412; x_wconf 89' lang='lat' dir='ltr'><strong>niter</strong></span> <span class='ocrx_word' id='word_1_93' title='bbox 204 1351 406 1414; x_wconf 87' lang='lat' dir='ltr'><strong>acanonistis</strong></span> <span class='ocrx_word' id='word_1_94' title='bbox 429 1351 614 1430; x_wconf 83' lang='lat' dir='ltr'><strong>intelligitur</strong></span> <span class='ocrx_word' id='word_1_95' title='bbox 633 1350 673 1414; x_wconf 90' lang='lat' dir='ltr'><strong>de</strong></span> <span class='ocrx_word' id='word_1_96' title='bbox 694 1353 844 1417; x_wconf 89' lang='lat' dir='ltr'><strong>omnibus</strong></span> <span class='ocrx_word' id='word_1_97' title='bbox 868 1357 1072 1423; x_wconf 82' lang='lat' dir='ltr'><strong>monialibus.</strong></span> <span class='ocrx_word' id='word_1_98' title='bbox 1153 1389 1155 1392; x_wconf 96' lang='lat'>·</span> 
     </span>
    </p>
   </div>
   <div class='ocr_carea' id='block_1_4' title="bbox 102 1437 1080 1877">
    <p class='ocr_par' dir='ltr' id='par_1_4' title="bbox 102 1437 1080 1877">
     <span class='ocr_line' id='line_1_14' title="bbox 102 1437 1073 1523; baseline 0.008 -22"><span class='ocrx_word' id='word_1_99' title='bbox 102 1440 134 1501; x_wconf 94' lang='lat' dir='ltr'><strong>ln</strong></span> <span class='ocrx_word' id='word_1_100' title='bbox 158 1437 391 1502; x_wconf 80' lang='lat' dir='ltr'><strong>Constitutione</strong></span> <span class='ocrx_word' id='word_1_101' title='bbox 406 1451 510 1504; x_wconf 90' lang='lat' dir='ltr'><strong>autem</strong></span> <span class='ocrx_word' id='word_1_102' title='bbox 533 1438 690 1514; x_wconf 84' lang='lat' dir='ltr'><strong>Quamuis,</strong></span> <span class='ocrx_word' id='word_1_103' title='bbox 706 1439 746 1502; x_wconf 83' lang='lat'><strong>30</strong></span> <span class='ocrx_word' id='word_1_104' title='bbox 759 1459 827 1523; x_wconf 89' lang='lat' dir='ltr'><strong>apr.</strong></span> <span class='ocrx_word' id='word_1_105' title='bbox 853 1443 941 1520; x_wconf 75' lang='lat'><strong>1749,</strong></span> <span class='ocrx_word' id='word_1_106' title='bbox 959 1447 1073 1509; x_wconf 85' lang='lat' dir='ltr'><strong>Bened.</strong></span> 
     </span>
     <span class='ocr_line' id='line_1_15' title="bbox 102 1527 1076 1595; baseline 0.005 -4"><span class='ocrx_word' id='word_1_107' title='bbox 102 1527 169 1591; x_wconf 86' lang='lat' dir='ltr'><strong>XlV</strong></span> <span class='ocrx_word' id='word_1_108' title='bbox 187 1529 322 1589; x_wconf 83' lang='lat' dir='ltr'><strong>affirmat</strong></span> <span class='ocrx_word' id='word_1_109' title='bbox 337 1529 526 1592; x_wconf 92' lang='lat' dir='ltr'><strong>monasteria</strong></span> <span class='ocrx_word' id='word_1_110' title='bbox 543 1527 712 1590; x_wconf 90' lang='lat' dir='ltr'><strong>mulierum</strong></span> <span class='ocrx_word' id='word_1_111' title='bbox 729 1529 796 1589; x_wconf 92' lang='lat' dir='ltr'><strong>sine</strong></span> <span class='ocrx_word' id='word_1_112' title='bbox 810 1528 953 1594; x_wconf 89' lang='lat' dir='ltr'><strong>clausura</strong></span> <span class='ocrx_word' id='word_1_113' title='bbox 963 1536 1076 1595; x_wconf 86' lang='lat' dir='ltr'><strong>viren-</strong></span> 
     </span>
     <span class='ocr_line' id='line_1_16' title="bbox 105 1615 1078 1700; baseline 0.004 -22"><span class='ocrx_word' id='word_1_114' title='bbox 105 1619 185 1680; x_wconf 90' lang='lat' dir='ltr'><strong>tium</strong></span> <span class='ocrx_word' id='word_1_115' title='bbox 205 1627 379 1679; x_wconf 83' lang='lat' dir='ltr'><strong>esseeontrn</strong></span> <span class='ocrx_word' id='word_1_116' title='bbox 392 1619 596 1700; x_wconf 78' lang='lat' dir='ltr'><strong>praescriptum</strong></span> <span class='ocrx_word' id='word_1_117' title='bbox 612 1615 769 1679; x_wconf 84' lang='lat' dir='ltr'><strong>Decretulis</strong></span> <span class='ocrx_word' id='word_1_118' title='bbox 782 1619 931 1696; x_wconf 78' lang='lat' dir='ltr'><strong>Betnr&#39;fueii</strong></span> <span class='ocrx_word' id='word_1_119' title='bbox 945 1621 1078 1694; x_wconf 73' lang='lat' dir='ltr'><strong>Vlll,de</strong></span> 
     </span>
     <span class='ocr_line' id='line_1_17' title="bbox 106 1703 1080 1791; baseline 0 -23"><span class='ocrx_word' id='word_1_120' title='bbox 106 1716 217 1768; x_wconf 84' lang='lat' dir='ltr'><strong>cretum</strong></span> <span class='ocrx_word' id='word_1_121' title='bbox 235 1706 324 1770; x_wconf 89' lang='lat' dir='ltr'><strong>Cone.</strong></span> <span class='ocrx_word' id='word_1_122' title='bbox 343 1706 525 1783; x_wconf 76' lang='lat' dir='ltr'><strong>Tridentini,</strong></span> <span class='ocrx_word' id='word_1_123' title='bbox 541 1724 664 1766; x_wconf 85' lang='lat' dir='ltr'><strong>necnon</strong></span> <span class='ocrx_word' id='word_1_124' title='bbox 678 1703 776 1766; x_wconf 79' lang='lat' dir='ltr'><strong>Consi.</strong></span> <span class='ocrx_word' id='word_1_125' title='bbox 793 1703 825 1769; x_wconf 88' lang='lat' dir='ltr'><strong>S.</strong></span> <span class='ocrx_word' id='word_1_126' title='bbox 841 1707 897 1769; x_wconf 86' lang='lat' dir='ltr'><strong>Pii</strong></span> <span class='ocrx_word' id='word_1_127' title='bbox 914 1708 949 1784; x_wconf 83' lang='lat' dir='ltr'><strong>t,</strong></span> <span class='ocrx_word' id='word_1_128' title='bbox 960 1729 1025 1791; x_wconf 82' lang='lat' dir='ltr'><strong>quta</strong></span> <span class='ocrx_word' id='word_1_129' title='bbox 1040 1711 1080 1769; x_wconf 75' lang='lat' dir='ltr'><strong>in</strong></span> 
     </span>
     <span class='ocr_line' id='line_1_18' title="bbox 116 1793 516 1877; baseline -0.005 -19"><span class='ocrx_word' id='word_1_130' title='bbox 116 1795 192 1876; x_wconf 69' lang='lat' dir='ltr'><strong>capit</strong></span> <span class='ocrx_word' id='word_1_131' title='bbox 209 1814 219 1855; x_wconf 90' lang='lat'>:</span> <span class='ocrx_word' id='word_1_132' title='bbox 235 1793 322 1856; x_wconf 85' lang='lat' dir='ltr'><strong>Circa</strong></span> <span class='ocrx_word' id='word_1_133' title='bbox 338 1795 516 1877; x_wconf 88' lang='lat' dir='ltr'><strong>pastoralis.</strong></span> 
     </span>
    </p>
   </div>
   <div class='ocr_carea' id='block_1_5' title="bbox 148 1882 1148 1968">
    <p class='ocr_par' dir='ltr' id='par_1_5' title="bbox 148 1882 1148 1968">
     <span class='ocr_line' id='line_1_19' title="bbox 148 1882 1148 1968; baseline 0.004 -24"><span class='ocrx_word' id='word_1_134' title='bbox 148 1882 239 1945; x_wconf 88' lang='lat' dir='ltr'><strong>Circa</strong></span> <span class='ocrx_word' id='word_1_135' title='bbox 255 1892 359 1944; x_wconf 90' lang='lat' dir='ltr'><strong>tamen</strong></span> <span class='ocrx_word' id='word_1_136' title='bbox 377 1885 438 1946; x_wconf 91' lang='lat' dir='ltr'><strong>boe</strong></span> <span class='ocrx_word' id='word_1_137' title='bbox 457 1882 631 1946; x_wconf 89' lang='lat' dir='ltr'><strong>secundum</strong></span> <span class='ocrx_word' id='word_1_138' title='bbox 646 1891 799 1962; x_wconf 87' lang='lat' dir='ltr'><strong>punctum</strong></span> <span class='ocrx_word' id='word_1_139' title='bbox 815 1883 1083 1968; x_wconf 83' lang='lat' dir='ltr'><strong>mitigata-pariter</strong></span> <span class='ocrx_word' id='word_1_140' title='bbox 1144 1911 1148 1918; x_wconf 91' lang='lat'><strong>·</strong></span> 
     </span>
    </p>
   </div>
   <div class='ocr_carea' id='block_1_6' title="bbox 110 1969 1093 3834">
    <p class='ocr_par' dir='ltr' id='par_1_6' title="bbox 110 1969 1088 2667">
     <span class='ocr_line' id='line_1_20' title="bbox 110 1969 1083 2055; baseline 0.002 -21"><span class='ocrx_word' id='word_1_141' title='bbox 110 1971 171 2035; x_wconf 84' lang='lat' dir='ltr'><strong>luit</strong></span> <span class='ocrx_word' id='word_1_142' title='bbox 184 1971 435 2053; x_wconf 81' lang='lat' dir='ltr'><strong>jurisprudentia</strong></span> <span class='ocrx_word' id='word_1_143' title='bbox 450 1969 551 2035; x_wconf 81' lang='lat' dir='ltr'><strong>Curioe</strong></span> <span class='ocrx_word' id='word_1_144' title='bbox 566 1971 725 2033; x_wconf 77' lang='lat' dir='ltr'><strong>nomana.</strong></span> <span class='ocrx_word' id='word_1_145' title='bbox 742 1970 848 2036; x_wconf 89' lang='lat' dir='ltr'><strong>Primo</strong></span> <span class='ocrx_word' id='word_1_146' title='bbox 862 1973 991 2055; x_wconf 83' lang='lat' dir='ltr'><strong>quidem</strong></span> <span class='ocrx_word' id='word_1_147' title='bbox 1014 1993 1083 2039; x_wconf 92' lang='lat' dir='ltr'><strong>con-</strong></span> 
     </span>
     <span class='ocr_line' id='line_1_21' title="bbox 114 2057 1083 2143; baseline 0.001 -20"><span class='ocrx_word' id='word_1_148' title='bbox 114 2061 351 2140; x_wconf 79' lang='lat' dir='ltr'><strong>gregationibus</strong></span> <span class='ocrx_word' id='word_1_149' title='bbox 365 2079 383 2122; x_wconf 91' lang='lat' dir='ltr'><strong>a</strong></span> <span class='ocrx_word' id='word_1_150' title='bbox 396 2077 428 2124; x_wconf 88' lang='lat' dir='ltr'><strong>se</strong></span> <span class='ocrx_word' id='word_1_151' title='bbox 444 2059 628 2143; x_wconf 87' lang='lat' dir='ltr'><strong>approbatis</strong></span> <span class='ocrx_word' id='word_1_152' title='bbox 643 2057 673 2120; x_wconf 88' lang='lat' dir='ltr'><strong>S.</strong></span> <span class='ocrx_word' id='word_1_153' title='bbox 685 2058 799 2140; x_wconf 85' lang='lat' dir='ltr'><strong>Congr.</strong></span> <span class='ocrx_word' id='word_1_154' title='bbox 815 2059 918 2142; x_wconf 88' lang='lat' dir='ltr'><strong>Epise.</strong></span> <span class='ocrx_word' id='word_1_155' title='bbox 935 2063 1083 2143; x_wconf 81' lang='lat' dir='ltr'><strong>etllegul.</strong></span> 
     </span>
     <span class='ocr_line' id='line_1_22' title="bbox 113 2147 1086 2230; baseline 0.006 -20"><span class='ocrx_word' id='word_1_156' title='bbox 113 2151 306 2212; x_wconf 84' lang='lat' dir='ltr'><strong>concessisse</strong></span> <span class='ocrx_word' id='word_1_157' title='bbox 319 2149 455 2225; x_wconf 88' lang='lat' dir='ltr'><strong>videtur,</strong></span> <span class='ocrx_word' id='word_1_158' title='bbox 470 2167 525 2230; x_wconf 90' lang='lat' dir='ltr'><strong>per</strong></span> <span class='ocrx_word' id='word_1_159' title='bbox 537 2147 737 2211; x_wconf 87' lang='lat' dir='ltr'><strong>tolerantiam</strong></span> <span class='ocrx_word' id='word_1_160' title='bbox 751 2155 886 2225; x_wconf 75' lang='lat' dir='ltr'><strong>tanatum,</strong></span> <span class='ocrx_word' id='word_1_161' title='bbox 900 2151 983 2230; x_wconf 79' lang='lat' dir='ltr'><strong>quod</strong></span> <span class='ocrx_word' id='word_1_162' title='bbox 996 2152 1086 2216; x_wconf 90' lang='lat' dir='ltr'><strong>clau-</strong></span> 
     </span>
     <span class='ocr_line' id='line_1_23' title="bbox 113 2237 1086 2320; baseline 0.002 -20"><span class='ocrx_word' id='word_1_163' title='bbox 113 2256 220 2300; x_wconf 89' lang='lat' dir='ltr'><strong>suram</strong></span> <span class='ocrx_word' id='word_1_164' title='bbox 236 2255 302 2300; x_wconf 92' lang='lat' dir='ltr'><strong>non</strong></span> <span class='ocrx_word' id='word_1_165' title='bbox 325 2238 529 2301; x_wconf 88' lang='lat' dir='ltr'><strong>observarent</strong></span> <span class='ocrx_word' id='word_1_166' title='bbox 538 2257 547 2313; x_wconf 89' lang='lat'>;</span> <span class='ocrx_word' id='word_1_167' title='bbox 568 2237 622 2298; x_wconf 90' lang='lat' dir='ltr'><strong>sed</strong></span> <span class='ocrx_word' id='word_1_168' title='bbox 638 2238 699 2299; x_wconf 90' lang='lat' dir='ltr'><strong>boe</strong></span> <span class='ocrx_word' id='word_1_169' title='bbox 712 2253 799 2300; x_wconf 89' lang='lat' dir='ltr'><strong>nuno</strong></span> <span class='ocrx_word' id='word_1_170' title='bbox 814 2238 934 2320; x_wconf 88' lang='lat' dir='ltr'><strong>absque</strong></span> <span class='ocrx_word' id='word_1_171' title='bbox 948 2240 1086 2304; x_wconf 89' lang='lat' dir='ltr'><strong>difficul-</strong></span> 
     </span>
     <span class='ocr_line' id='line_1_24' title="bbox 114 2323 1088 2405; baseline 0.001 -17"><span class='ocrx_word' id='word_1_172' title='bbox 114 2336 180 2388; x_wconf 86' lang='lat' dir='ltr'><strong>tate</strong></span> <span class='ocrx_word' id='word_1_173' title='bbox 193 2326 356 2405; x_wconf 89' lang='lat' dir='ltr'><strong>permittit,</strong></span> <span class='ocrx_word' id='word_1_174' title='bbox 380 2334 414 2388; x_wconf 91' lang='lat' dir='ltr'><strong>ut</strong></span> <span class='ocrx_word' id='word_1_175' title='bbox 427 2331 549 2388; x_wconf 88' lang='lat' dir='ltr'><strong>constat</strong></span> <span class='ocrx_word' id='word_1_176' title='bbox 568 2341 605 2387; x_wconf 82' lang='lat' dir='ltr'><strong>ex</strong></span> <span class='ocrx_word' id='word_1_177' title='bbox 631 2323 727 2385; x_wconf 85' lang='lat' dir='ltr'><strong>variis</strong></span> <span class='ocrx_word' id='word_1_178' title='bbox 742 2324 1025 2405; x_wconf 89' lang='lat' dir='ltr'><strong>approbationibus</strong></span> <span class='ocrx_word' id='word_1_179' title='bbox 1048 2327 1088 2390; x_wconf 87' lang='lat' dir='ltr'><strong>ab</strong></span> 
     </span>
     <span class='ocr_line' id='line_1_25' title="bbox 115 2410 1088 2495; baseline 0 -17"><span class='ocrx_word' id='word_1_180' title='bbox 115 2415 227 2478; x_wconf 88' lang='lat' dir='ltr'><strong>eadem</strong></span> <span class='ocrx_word' id='word_1_181' title='bbox 242 2413 336 2488; x_wconf 89' lang='lat' dir='ltr'><strong>datis,</strong></span> <span class='ocrx_word' id='word_1_182' title='bbox 349 2414 381 2476; x_wconf 92' lang='lat' dir='ltr'><strong>in</strong></span> <span class='ocrx_word' id='word_1_183' title='bbox 396 2412 514 2495; x_wconf 86' lang='lat' dir='ltr'><strong>quibus</strong></span> <span class='ocrx_word' id='word_1_184' title='bbox 528 2421 591 2474; x_wconf 89' lang='lat' dir='ltr'><strong>non</strong></span> <span class='ocrx_word' id='word_1_185' title='bbox 608 2410 746 2494; x_wconf 88' lang='lat' dir='ltr'><strong>amplius</strong></span> <span class='ocrx_word' id='word_1_186' title='bbox 760 2413 968 2477; x_wconf 81' lang='lat' dir='ltr'><strong>inveniuntur</strong></span> <span class='ocrx_word' id='word_1_187' title='bbox 980 2415 1029 2476; x_wconf 84' lang='lat' dir='ltr'><strong>hae</strong></span> <span class='ocrx_word' id='word_1_188' title='bbox 1039 2416 1088 2478; x_wconf 87' lang='lat' dir='ltr'><strong>vel</strong></span> 
     </span>
     <span class='ocr_line' id='line_1_26' title="bbox 116 2497 1088 2584; baseline -0.002 -18"><span class='ocrx_word' id='word_1_189' title='bbox 116 2505 235 2567; x_wconf 90' lang='lat' dir='ltr'><strong>similes</strong></span> <span class='ocrx_word' id='word_1_190' title='bbox 249 2503 402 2565; x_wconf 74' lang='lat' dir='ltr'><strong>clausulae</strong></span> <span class='ocrx_word' id='word_1_191' title='bbox 415 2503 492 2565; x_wconf 89' lang='lat' dir='ltr'><strong>olim</strong></span> <span class='ocrx_word' id='word_1_192' title='bbox 508 2501 632 2563; x_wconf 80' lang='lat' dir='ltr'><strong>insertae</strong></span> <span class='ocrx_word' id='word_1_193' title='bbox 648 2521 655 2560; x_wconf 91' lang='lat'><strong>:</strong></span> <span class='ocrx_word' id='word_1_194' title='bbox 673 2497 761 2562; x_wconf 78' lang='lat' dir='ltr'><strong>Citra</strong></span> <span class='ocrx_word' id='word_1_195' title='bbox 782 2509 877 2563; x_wconf 87' lang='lat' dir='ltr'><strong>tumen</strong></span> <span class='ocrx_word' id='word_1_196' title='bbox 892 2503 1088 2584; x_wconf 82' lang='lat' dir='ltr'><strong>approbatio-</strong></span> 
     </span>
     <span class='ocr_line' id='line_1_27' title="bbox 115 2588 744 2667; baseline -0.01 -11"><span class='ocrx_word' id='word_1_197' title='bbox 115 2614 181 2656; x_wconf 86' lang='lat' dir='ltr'><strong>nem</strong></span> <span class='ocrx_word' id='word_1_198' title='bbox 194 2592 270 2654; x_wconf 85' lang='lat' dir='ltr'><strong>dicti</strong></span> <span class='ocrx_word' id='word_1_199' title='bbox 282 2601 452 2667; x_wconf 80' lang='lat' dir='ltr'><strong>conuentus,</strong></span> <span class='ocrx_word' id='word_1_200' title='bbox 468 2589 510 2652; x_wconf 86' lang='lat' dir='ltr'><strong>nel</strong></span> <span class='ocrx_word' id='word_1_201' title='bbox 521 2588 744 2651; x_wconf 67' lang='lat' dir='ltr'><strong>conservatoria.</strong></span> 
     </span>
    </p>

    <p class='ocr_par' dir='ltr' id='par_1_7' title="bbox 116 2679 1093 3477">
     <span class='ocr_line' id='line_1_28' title="bbox 155 2679 1088 2762; baseline 0 -17"><span class='ocrx_word' id='word_1_202' title='bbox 155 2679 226 2745; x_wconf 69' lang='lat' dir='ltr'><strong>eta.</strong></span> <span class='ocrx_word' id='word_1_203' title='bbox 250 2681 295 2741; x_wconf 81' lang='lat' dir='ltr'><strong>Es</strong></span> <span class='ocrx_word' id='word_1_204' title='bbox 311 2697 407 2762; x_wconf 90' lang='lat' dir='ltr'><strong>supra</strong></span> <span class='ocrx_word' id='word_1_205' title='bbox 421 2679 523 2752; x_wconf 86' lang='lat' dir='ltr'><strong>dictis,</strong></span> <span class='ocrx_word' id='word_1_206' title='bbox 539 2685 739 2758; x_wconf 83' lang='lat' dir='ltr'><strong>perspectum</strong></span> <span class='ocrx_word' id='word_1_207' title='bbox 764 2684 810 2738; x_wconf 88' lang='lat' dir='ltr'><strong>est</strong></span> <span class='ocrx_word' id='word_1_208' title='bbox 825 2679 931 2758; x_wconf 77' lang='lat' dir='ltr'><strong>quod,</strong></span> <span class='ocrx_word' id='word_1_209' title='bbox 946 2681 1004 2744; x_wconf 89' lang='lat' dir='ltr'><strong>etsi</strong></span> <span class='ocrx_word' id='word_1_210' title='bbox 1017 2700 1088 2744; x_wconf 90' lang='lat' dir='ltr'><strong>cum</strong></span> 
     </span>
     <span class='ocr_line' id='line_1_29' title="bbox 117 2764 1089 2850; baseline -0.003 -16"><span class='ocrx_word' id='word_1_211' title='bbox 117 2771 184 2834; x_wconf 90' lang='lat' dir='ltr'><strong>sola</strong></span> <span class='ocrx_word' id='word_1_212' title='bbox 203 2769 342 2850; x_wconf 88' lang='lat' dir='ltr'><strong>episcopi</strong></span> <span class='ocrx_word' id='word_1_213' title='bbox 365 2767 491 2830; x_wconf 89' lang='lat' dir='ltr'><strong>lieentia</strong></span> <span class='ocrx_word' id='word_1_214' title='bbox 513 2764 659 2828; x_wconf 88' lang='lat' dir='ltr'><strong>ineboari</strong></span> <span class='ocrx_word' id='word_1_215' title='bbox 684 2764 811 2827; x_wconf 89' lang='lat' dir='ltr'><strong>valeant</strong></span> <span class='ocrx_word' id='word_1_216' title='bbox 832 2766 929 2830; x_wconf 93' lang='lat' dir='ltr'><strong>hodie</strong></span> <span class='ocrx_word' id='word_1_217' title='bbox 945 2767 1089 2832; x_wconf 88' lang='lat' dir='ltr'><strong>instituta</strong></span> 
     </span>
     <span class='ocr_line' id='line_1_30' title="bbox 116 2851 1092 2939; baseline -0.004 -16"><span class='ocrx_word' id='word_1_218' title='bbox 116 2860 274 2939; x_wconf 82' lang='lat' dir='ltr'><strong>religiosa,</strong></span> <span class='ocrx_word' id='word_1_219' title='bbox 291 2865 428 2919; x_wconf 87' lang='lat' dir='ltr'><strong>attamen</strong></span> <span class='ocrx_word' id='word_1_220' title='bbox 444 2854 484 2917; x_wconf 87' lang='lat' dir='ltr'><strong>ed</strong></span> <span class='ocrx_word' id='word_1_221' title='bbox 506 2853 653 2918; x_wconf 87' lang='lat' dir='ltr'><strong>Sanctam</strong></span> <span class='ocrx_word' id='word_1_222' title='bbox 671 2851 782 2915; x_wconf 88' lang='lat' dir='ltr'><strong>Sedem</strong></span> <span class='ocrx_word' id='word_1_223' title='bbox 804 2855 1032 2918; x_wconf 91' lang='lat' dir='ltr'><strong>recurrendum</strong></span> <span class='ocrx_word' id='word_1_224' title='bbox 1046 2869 1092 2919; x_wconf 87' lang='lat' dir='ltr'><strong>cst</strong></span> 
     </span>
     <span class='ocr_line' id='line_1_31' title="bbox 117 2942 1092 3027; baseline -0.003 -15"><span class='ocrx_word' id='word_1_225' title='bbox 117 2947 302 3013; x_wconf 86' lang='lat' dir='ltr'><strong>uthabcant</strong></span> <span class='ocrx_word' id='word_1_226' title='bbox 317 2945 356 3007; x_wconf 92' lang='lat' dir='ltr'><strong>ab</strong></span> <span class='ocrx_word' id='word_1_227' title='bbox 370 2943 510 3022; x_wconf 83' lang='lat' dir='ltr'><strong>Ecclesia</strong></span> <span class='ocrx_word' id='word_1_228' title='bbox 523 2942 799 3024; x_wconf 88' lang='lat' dir='ltr'><strong>approbationem,</strong></span> <span class='ocrx_word' id='word_1_229' title='bbox 816 2944 971 3027; x_wconf 80' lang='lat' dir='ltr'><strong>quaeipsis</strong></span> <span class='ocrx_word' id='word_1_230' title='bbox 987 2964 1092 3009; x_wconf 86' lang='lat' dir='ltr'><strong>veram</strong></span> 
     </span>
     <span class='ocr_line' id='line_1_32' title="bbox 117 3030 1093 3102; baseline -0.004 -1"><span class='ocrx_word' id='word_1_231' title='bbox 117 3037 323 3102; x_wconf 81' lang='lat' dir='ltr'><strong>stabilitatem</strong></span> <span class='ocrx_word' id='word_1_232' title='bbox 345 3031 487 3096; x_wconf 90' lang='lat' dir='ltr'><strong>eonlerat</strong></span> <span class='ocrx_word' id='word_1_233' title='bbox 511 3031 550 3094; x_wconf 89' lang='lat' dir='ltr'><strong>ad</strong></span> <span class='ocrx_word' id='word_1_234' title='bbox 576 3030 748 3093; x_wconf 90' lang='lat' dir='ltr'><strong>emittenda</strong></span> <span class='ocrx_word' id='word_1_235' title='bbox 764 3030 796 3092; x_wconf 92' lang='lat' dir='ltr'><strong>in</strong></span> <span class='ocrx_word' id='word_1_236' title='bbox 813 3033 858 3094; x_wconf 91' lang='lat' dir='ltr'><strong>eis</strong></span> <span class='ocrx_word' id='word_1_237' title='bbox 873 3041 946 3096; x_wconf 89' lang='lat' dir='ltr'><strong>vota</strong></span> <span class='ocrx_word' id='word_1_238' title='bbox 961 3035 1025 3095; x_wconf 84' lang='lat' dir='ltr'><strong>sive</strong></span> <span class='ocrx_word' id='word_1_239' title='bbox 1047 3053 1093 3097; x_wconf 93' lang='lat' dir='ltr'><strong>so·</strong></span> 
     </span>
     <span class='ocr_line' id='line_1_33' title="bbox 118 3121 1092 3203; baseline -0.004 -13"><span class='ocrx_word' id='word_1_240' title='bbox 118 3126 238 3190; x_wconf 89' lang='lat' dir='ltr'><strong>lemnia</strong></span> <span class='ocrx_word' id='word_1_241' title='bbox 253 3125 319 3184; x_wconf 86' lang='lat' dir='ltr'><strong>sive</strong></span> <span class='ocrx_word' id='word_1_242' title='bbox 341 3121 507 3203; x_wconf 90' lang='lat' dir='ltr'><strong>simplicia.</strong></span> <span class='ocrx_word' id='word_1_243' title='bbox 533 3152 573 3167; x_wconf 89' lang='lat'><em>-</em></span> <span class='ocrx_word' id='word_1_244' title='bbox 593 3121 675 3195; x_wconf 87' lang='lat' dir='ltr'><strong>Quid</strong></span> <span class='ocrx_word' id='word_1_245' title='bbox 691 3138 765 3183; x_wconf 88' lang='lat' dir='ltr'><strong>vero</strong></span> <span class='ocrx_word' id='word_1_246' title='bbox 790 3128 867 3184; x_wconf 89' lang='lat' dir='ltr'><strong>tuno</strong></span> <span class='ocrx_word' id='word_1_247' title='bbox 880 3123 921 3185; x_wconf 89' lang='lat' dir='ltr'><strong>sit</strong></span> <span class='ocrx_word' id='word_1_248' title='bbox 935 3123 1092 3202; x_wconf 81' lang='lat' dir='ltr'><strong>agendum</strong></span> 
     </span>
     <span class='ocr_line' id='line_1_34' title="bbox 118 3203 1093 3300; baseline -0.005 -19"><span class='ocrx_word' id='word_1_249' title='bbox 118 3234 176 3300; x_wconf 83' lang='lat' dir='ltr'><strong>pro</strong></span> <span class='ocrx_word' id='word_1_250' title='bbox 191 3203 364 3279; x_wconf 86' lang='lat' dir='ltr'><strong>obtinenda</strong></span> <span class='ocrx_word' id='word_1_251' title='bbox 375 3207 561 3292; x_wconf 89' lang='lat' dir='ltr'><strong>hujusmodi</strong></span> <span class='ocrx_word' id='word_1_252' title='bbox 575 3209 816 3290; x_wconf 88' lang='lat' dir='ltr'><strong>approbatione,</strong></span> <span class='ocrx_word' id='word_1_253' title='bbox 834 3209 951 3273; x_wconf 88' lang='lat' dir='ltr'><strong>dieitur</strong></span> <span class='ocrx_word' id='word_1_254' title='bbox 967 3213 996 3273; x_wconf 93' lang='lat' dir='ltr'><strong>in</strong></span> <span class='ocrx_word' id='word_1_255' title='bbox 1014 3231 1093 3292; x_wconf 85' lang='lat' dir='ltr'><strong>qno·</strong></span> 
     </span>
     <span class='ocr_line' id='line_1_35' title="bbox 117 3296 1093 3380; baseline -0.006 -10"><span class='ocrx_word' id='word_1_256' title='bbox 117 3305 192 3370; x_wconf 83' lang='lat' dir='ltr'><strong>dam</strong></span> <span class='ocrx_word' id='word_1_257' title='bbox 207 3299 291 3364; x_wconf 88' lang='lat' dir='ltr'><strong>libro</strong></span> <span class='ocrx_word' id='word_1_258' title='bbox 306 3301 344 3362; x_wconf 90' lang='lat' dir='ltr'><strong>ad</strong></span> <span class='ocrx_word' id='word_1_259' title='bbox 361 3317 454 3362; x_wconf 89' lang='lat' dir='ltr'><strong>usum</strong></span> <span class='ocrx_word' id='word_1_260' title='bbox 464 3297 496 3362; x_wconf 85' lang='lat' dir='ltr'><strong>S.</strong></span> <span class='ocrx_word' id='word_1_261' title='bbox 514 3296 664 3378; x_wconf 77' lang='lat' dir='ltr'><strong>congreg.</strong></span> <span class='ocrx_word' id='word_1_262' title='bbox 683 3297 829 3380; x_wconf 87' lang='lat' dir='ltr'><strong>Episcop.</strong></span> <span class='ocrx_word' id='word_1_263' title='bbox 847 3308 878 3362; x_wconf 90' lang='lat' dir='ltr'><strong>et</strong></span> <span class='ocrx_word' id='word_1_264' title='bbox 893 3299 1093 3380; x_wconf 82' lang='lat' dir='ltr'><strong>Regularinm</strong></span> 
     </span>
     <span class='ocr_line' id='line_1_36' title="bbox 117 3384 813 3477; baseline -0.013 -20"><span class='ocrx_word' id='word_1_265' title='bbox 117 3397 284 3477; x_wconf 83' lang='lat' dir='ltr'><strong>impresso,</strong></span> <span class='ocrx_word' id='word_1_266' title='bbox 296 3389 388 3472; x_wconf 75' lang='lat' dir='ltr'><strong>cuius</strong></span> <span class='ocrx_word' id='word_1_267' title='bbox 403 3389 455 3450; x_wconf 89' lang='lat' dir='ltr'><strong>hle</strong></span> <span class='ocrx_word' id='word_1_268' title='bbox 468 3384 635 3450; x_wconf 88' lang='lat' dir='ltr'><strong>relerimns</strong></span> <span class='ocrx_word' id='word_1_269' title='bbox 647 3395 788 3449; x_wconf 87' lang='lat' dir='ltr'><strong>tenorem</strong></span> <span class='ocrx_word' id='word_1_270' title='bbox 806 3408 813 3449; x_wconf 93' lang='lat'>:</span> 
     </span>
    </p>

    <p class='ocr_par' dir='ltr' id='par_1_8' title="bbox 118 3474 1093 3834">
     <span class='ocr_line' id='line_1_37' title="bbox 162 3474 1093 3561; baseline 0.002 -17"><span class='ocrx_word' id='word_1_271' title='bbox 162 3506 178 3544; x_wconf 82' lang='grc' dir='ltr'><strong>ι</strong></span> <span class='ocrx_word' id='word_1_272' title='bbox 198 3477 331 3557; x_wconf 84' lang='lat' dir='ltr'><strong>Quando</strong></span> <span class='ocrx_word' id='word_1_273' title='bbox 355 3477 473 3561; x_wconf 85' lang='lat' dir='ltr'><strong>petitur</strong></span> <span class='ocrx_word' id='word_1_274' title='bbox 497 3475 686 3558; x_wconf 84' lang='lat' dir='ltr'><strong>approbatio</strong></span> <span class='ocrx_word' id='word_1_275' title='bbox 710 3474 845 3559; x_wconf 86' lang='lat' dir='ltr'><strong>alicujus</strong></span> <span class='ocrx_word' id='word_1_276' title='bbox 867 3477 1017 3552; x_wconf 87' lang='lat' dir='ltr'><strong>lnstituti.</strong></span> <span class='ocrx_word' id='word_1_277' title='bbox 1040 3482 1093 3546; x_wconf 89' lang='lat' dir='ltr'><strong>de-</strong></span> 
     </span>
     <span class='ocr_line' id='line_1_38' title="bbox 118 3561 1092 3636; baseline -0.001 0"><span class='ocrx_word' id='word_1_278' title='bbox 118 3573 196 3636; x_wconf 87' lang='lat' dir='ltr'><strong>bent</strong></span> <span class='ocrx_word' id='word_1_279' title='bbox 219 3566 364 3632; x_wconf 81' lang='lat' dir='ltr'><strong>exbiberi</strong></span> <span class='ocrx_word' id='word_1_280' title='bbox 389 3566 500 3628; x_wconf 79' lang='lat' dir='ltr'><strong>litterae</strong></span> <span class='ocrx_word' id='word_1_281' title='bbox 521 3561 789 3628; x_wconf 71' lang='lat' dir='ltr'><strong>commendabile</strong></span> <span class='ocrx_word' id='word_1_282' title='bbox 805 3567 987 3633; x_wconf 81' lang='lat' dir='ltr'><strong>Antistitum</strong></span> <span class='ocrx_word' id='word_1_283' title='bbox 1010 3571 1092 3635; x_wconf 90' lang='lat' dir='ltr'><strong>loco·</strong></span> 
     </span>
     <span class='ocr_line' id='line_1_39' title="bbox 119 3651 1091 3738; baseline -0.005 -13"><span class='ocrx_word' id='word_1_284' title='bbox 119 3679 191 3725; x_wconf 94' lang='lat' dir='ltr'><strong>rum</strong></span> <span class='ocrx_word' id='word_1_285' title='bbox 205 3659 239 3722; x_wconf 94' lang='lat' dir='ltr'><strong>in</strong></span> <span class='ocrx_word' id='word_1_286' title='bbox 255 3654 374 3738; x_wconf 89' lang='lat' dir='ltr'><strong>quibus</strong></span> <span class='ocrx_word' id='word_1_287' title='bbox 393 3651 507 3716; x_wconf 88' lang='lat' dir='ltr'><strong>domus</strong></span> <span class='ocrx_word' id='word_1_288' title='bbox 526 3652 737 3736; x_wconf 88' lang='lat' dir='ltr'><strong>reperiuntur.</strong></span> <span class='ocrx_word' id='word_1_289' title='bbox 758 3653 866 3719; x_wconf 89' lang='lat' dir='ltr'><strong>Preces</strong></span> <span class='ocrx_word' id='word_1_290' title='bbox 886 3659 1091 3721; x_wconf 90' lang='lat' dir='ltr'><strong>remittuntur</strong></span> 
     </span>
     <span class='ocr_line' id='line_1_40' title="bbox 120 3741 1091 3834; baseline -0.008 -20"><span class='ocrx_word' id='word_1_291' title='bbox 120 3749 277 3834; x_wconf 85' lang='lat' dir='ltr'><strong>Episcopo</strong></span> <span class='ocrx_word' id='word_1_292' title='bbox 301 3742 445 3807; x_wconf 74' lang='lat' dir='ltr'><strong>dioecesis</strong></span> <span class='ocrx_word' id='word_1_293' title='bbox 466 3744 499 3806; x_wconf 91' lang='lat' dir='ltr'><strong>ln</strong></span> <span class='ocrx_word' id='word_1_294' title='bbox 522 3760 583 3824; x_wconf 84' lang='lat' dir='ltr'><strong>qua</strong></span> <span class='ocrx_word' id='word_1_295' title='bbox 608 3741 710 3825; x_wconf 86' lang='lat' dir='ltr'><strong>prima</strong></span> <span class='ocrx_word' id='word_1_296' title='bbox 736 3742 878 3810; x_wconf 83' lang='lat' dir='ltr'><strong>fundatio</strong></span> <span class='ocrx_word' id='word_1_297' title='bbox 903 3747 952 3810; x_wconf 81' lang='lat' dir='ltr'><strong>rel</strong></span> <span class='ocrx_word' id='word_1_298' title='bbox 977 3746 1091 3811; x_wconf 68' lang='lat' dir='ltr'><strong>domur</strong></span> 
     </span>
    </p>
   </div>
   <div class='ocr_carea' id='block_1_7' title="bbox 1277 1428 1284 1627">
    <p class='ocr_par' dir='ltr' id='par_1_9' title="bbox 1277 1428 1284 1627">
     <span class='ocr_line' id='line_1_41' title="bbox 1277 1428 1283 1512; baseline 0 -6"><span class='ocrx_word' id='word_1_299' title='bbox 1277 1428 1283 1512; x_wconf 81' lang='lat' dir='ltr'><strong>l</strong></span> 
     </span>
     <span class='ocr_line' id='line_1_42' title="bbox 1281 1537 1284 1568; baseline 0 0"><span class='ocrx_word' id='word_1_300' title='bbox 1281 1537 1284 1568; x_wconf 85' lang='grc' dir='ltr'><strong>ι</strong></span> 
     </span>
     <span class='ocr_line' id='line_1_43' title="bbox 1281 1583 1284 1627; baseline 0 0"><span class='ocrx_word' id='word_1_301' title='bbox 1281 1583 1284 1627; x_wconf 86' lang='lat' dir='ltr'><strong>l</strong></span> 
     </span>
    </p>
   </div>
   <div class='ocr_carea' id='block_1_8' title="bbox 0 0 1316 4208">
    <p class='ocr_par' dir='ltr' id='par_1_10' title="bbox 0 0 1316 4208">
     <span class='ocr_line' id='line_1_44' title="bbox 0 0 1316 4208; baseline 0 0"><span class='ocrx_word' id='word_1_302' title='bbox 0 0 1316 4208; x_wconf 95' lang='lat' dir='ltr'><strong> </strong></span> 
     </span>
    </p>
   </div>
  </div>
 </body>
</html>
