2552 4204
490 274 576 320 tinen
597 276 728 322 nunnius.
808 283 811 286 ·
1037 257 1095 318 119

118 378 145 432 01
159 371 295 452 religiosi
311 369 389 435 laesae
403 369 567 451 majestatis
583 371 637 450 rei,
651 390 704 433 seu
719 371 818 452 potitus
826 369 1016 452 proditionis,
1032 369 1100 432 slis-s

118 460 253 523 sentiunt
267 463 331 522 DD.

608 582 643 643 ll.

429 695 474 757 Dc
488 581 646 756 011110Ξί010
655 701 684 756 01
695 693 781 775 salse.

154 821 227 881 918.
250 820 274 879 l.
297 817 486 882 Maledictum
504 820 534 881 in
548 837 660 900 genere
683 827 729 882 est
751 818 831 881 malo
847 819 955 882 locutio
969 821 1005 884 cle
1019 781 1091 886 olio.

116 906 288 986 Episcopus
313 925 375 969 non
402 908 492 970 debet
518 907 644 988 ipsemet
659 907 766 990 punire
792 908 924 989 aliquem
939 909 979 972 ob
997 911 1093 973 male-

115 993 232 1058 dictum
247 996 302 1057 sibi
326 997 522 1078 personaliter
545 997 674 1072 illatum,
691 997 742 1060 sed
756 997 929 1078 puniendus
953 1005 998 1061 est
1022 1005 1095 1063 tunc

116 1083 283 1146 maledicus
309 1087 431 1148 alterius
453 1085 563 1166 judicis
584 1085 708 1148 arbitrio
724 1085 795 1168 (Lex
811 1085 930 1169 Siquis
945 1091 994 1166 10,
1017 1107 1045 1152 0.
1058 1089 1092 1151 dc
1155 1130 1157 1134 .

117 1171 148 1234 E
146 1172 275 1254 pr'scepis
289 1182 319 1236 et
332 1173 473 1257 clericis).

156 1261 259 1326 Poenae
272 1263 303 1324 in
317 1263 444 1326 clericos
458 1264 620 1327 maledicos
633 1264 699 1326 latoe
715 1270 785 1327 sunt
795 1271 956 1348 sequentes
972 1288 980 1330 τ
1001 1291 1017 1330 c
1031 1271 1093 1334 Cle*-

119 1372 135 1407 0
154 1351 238 1414 ricus
265 1353 429 1416 maledicus
446 1352 591 1436 (maxime
609 1354 640 1414 in
655 1353 873 1436 sacerdotibus)
897 1364 1022 1439 cogatur
1054 1360 1092 1421 ad

121 1465 134 1498 a
155 1441 366 1522 postulandam
390 1444 510 1506 veniam
524 1463 531 1516 ;
547 1443 572 1504 si
588 1443 728 1519 noluerit,
745 1443 944 1525 degradatum
962 1467 1019 1510 nec
1034 1467 1091 1511 un-

120 1553 135 1588 c
156 1548 249 1610 quam
263 1530 300 1591 ad
312 1530 445 1594 officium
459 1532 574 1611 absque
586 1530 787 1594 satisfactione
800 1539 984 1596 revocetur»
1003 1534 1085 1617 (Can.

115 1617 253 1682 Clericus
273 1623 308 1693 11,
322 1619 389 1682 dist.
405 1619 470 1702 16).

154 1709 265 1770 Contra
285 1717 422 1772 auctores
436 1709 609 1771 libellorum
630 1709 816 1772 famosorum
832 1710 970 1790 legantur
988 1731 1058 1776 ean.
1072 1719 1110 1776 9·

114 1801 187 1867 013,
203 1801 390 1879 causae5,q.
406 1801 438 1875 t;
456 1797 499 1860 sic
525 1805 625 1860 autem
655 1797 744 1860 habet
769 1816 837 1861 can.
860 1802 890 1875 3,
911 1819 947 1862 ex
973 1802 1088 1865 Concil.

114 1885 298 1949 Eliberitano
323 1893 485 1969 sumptus:
507 1888 569 1950 oSi
596 1887 649 1969 qui
678 1888 791 1949 inventi
820 1888 931 1950 suerint
957 1888 1091 1954 famosos

118 1975 272 2038 «libellos
298 1977 330 2038 in
352 1978 479 2040 ecclesia
506 1996 631 2058 ponere,
659 1976 988 2042 anathematizentur.»
1016 1981 1088 2044 Can.

114 2067 188 2128 nero
206 2069 225 2127 9
240 2065 371 2146 loquitur
385 2067 552 2148 praesertim
575 2066 613 2144 de
625 2067 661 2128 iis
685 2067 737 2148 qui
752 2067 869 2130 libellos
886 2067 1019 2132 famosos
1034 2072 1091 2134 sub

111 2171 265 2237 anonymo
278 2155 310 2216 in
320 2155 431 2235 vulgus
444 2162 601 2237 spargunt,
619 2157 672 2238 qui
695 2157 983 2222 anathematizantur
998 2159 1023 2222 si
1038 2177 1091 2224 no

114 2242 169 2306 lint
178 2263 211 2306 se
224 2243 363 2324 prodere.

150 2337 221 2398 919.
245 2333 282 2395 ll.
304 2331 428 2395 Falsum
442 2343 483 2395 est
496 2335 630 2398 veritatis
644 2335 824 2412 immutatio,
838 2345 889 2399 aut
908 2340 998 2412 etiam
1015 2359 1087 2422 sup-

110 2423 222 2504 pressio
236 2421 377 2486 dolestia
390 2423 735 2507 alteriuspraejcdicium
750 2426 845 2508 fecta.

153 2513 358 2575 committitur
376 2519 507 2595 quatuor
527 2515 695 2596 presertim
718 2515 834 2590 modis,
858 2515 972 2578 scilicet
985 2516 1087 2596 dicte,

111 2601 237 2683 scripto,
262 2600 349 2678 iacto,
365 2621 442 2666 usu:
461 2603 597 2680 11011010,
624 2604 752 2665 01100100
779 2603 890 2666 salsum
912 2604 1026 2683 dicant,
1045 2608 1088 2670 vel

113 2709 217 2753 verum
237 2697 355 2754 taceant
376 2691 408 2754 in
428 2693 565 2775 judicio:
588 2693 659 2756 huic
685 2693 804 2755 crimini
833 2695 1012 2776 participant
1037 2699 1087 2778 qui

112 2784 202 2842 testes
211 2780 469 2859 subornant‚etc.;
485 2787 519 2844 2⁰
531 2783 652 2864 scripto,
668 2781 693 2844 si
709 2801 820 2863 nempe
835 2783 992 2864 scripturae
1006 2784 1088 2849 falsae
1112 2836 1115 2842 .

109 2875 276 2933 exarentur
293 2870 339 2934 vel
364 2872 397 2933 in
419 2877 482 2933 1010
509 2872 555 2934 vel
581 2871 613 2932 in
628 2877 732 2952 parte;
757 2874 790 2934 3ο
806 2870 895 2953 secto,
913 2877 945 2932 ut
970 2873 994 2932 si
1009 2890 1088 2938 verte

111 2959 268 3040 scripturae
288 2961 391 3042 aliquo
411 2962 502 3024 modo
527 2967 773 3042 corrumpantur,
797 2961 965 3034 deleantur,
982 2963 1088 3023 occul·
1192 2969 1194 2972 ’

109 3055 224 3124 tantur,
246 3050 292 3112 vel
304 3052 328 3112 si
339 3053 407 3132 quis
420 3069 453 3114 se
463 3050 558 3133 fingat
571 3051 664 3112 alium
678 3068 743 3112 esae
757 3069 793 3114 ac
811 3069 914 3112 revera
928 3057 984 3124 001,
1000 3051 1046 3110 vel
1062 3053 1087 3114 si

109 3137 443 3213 meroesialsificentur,
459 3146 488 3202 et
502 3133 667 3221 praesertim
690 3147 829 3214 monete,
846 3139 928 3220 quod
948 3138 1089 3218 pluribus

109 3229 211 3290 modis
219 3229 394 3311 contingere
406 3235 518 3310 potest;
533 3227 681 3292 masarei
694 3229 902 3310 pertusatam,
922 3226 1087 3308 etquidem

111 3317 291 3400 dupliciter:
311 3321 342 3380 1ο
354 3321 482 3380 scienter
508 3318 620 3381 utendo
645 3316 771 3380 falsitate
786 3318 823 3379 ab
846 3317 904 3379 alio
923 3315 1085 3400 coniecit,
1119 3318 1122 3323 ’

111 3427 138 3467 r.
155 3428 185 3488 g.
197 3405 272 3469 falso
294 3407 497 3469 instrumento
512 3407 551 3468 ab
575 3407 633 3469 alio
657 3412 796 3482 exarat03
812 3409 846 3468 9·
867 3406 998 3470 scienter
1012 3426 1086 3489 pro-

110 3495 254 3559 ducendo
264 3495 425 3558 falsitatem
443 3497 459 3558 t
474 3515 506 3558 se
521 3494 706 3558 fabricatam.

150 3595 253 3658 Poenae
280 3598 382 3656 autem
411 3593 583 3656 falsantium
607 3594 720 3655 litteras
748 3595 953 3676 Apostolicas,
978 3598 1025 3659 vel
1050 3597 1087 3660 iis

109 3683 272 3758 utentium,
296 3689 367 3745 sunt
381 3688 542 3764 sequentes
572 3702 579 3744 :
596 3686 627 3745 1ο
639 3685 911 3746 excommunicatio
928 3685 994 3766 ipso
1009 3685 1086 3748 lacto

109 3771 295 3838 incurrendo
322 3777 353 3834 et
366 3774 398 3835 S.
415 3772 484 3835 Sadi
508 3780 656 3836 reservata
671 3778 750 3854 (cap.
767 3772 816 3835 Ad
830 3773 992 3854 falsarium
1006 3779 1037 3844 1,
1055 3774 1089 3836 cle
