2552 4204
487 257 574 302 ainau
595 257 728 302 rannus.
1024 244 1081 302 tur

105 371 178 426 tunc
198 361 325 442 reliquae
339 361 521 422 monitiones
539 359 604 422 fieri
620 365 747 440 possunt
760 361 851 420 etiam
864 376 968 420 coram
985 358 1082 420 tribu·

106 451 186 526 naii;
212 453 246 512 3·
269 451 340 512 item
364 449 488 530 quando
511 449 630 529 probari
655 454 752 529 potest
778 448 976 510 monitionem
1002 446 1087 509 danai

106 537 216 601 iactam
231 537 270 600 ad
288 539 423 600 notitiam
436 538 479 598 rei
496 538 676 618 pervenisse.
747 535 748 539 ’

145 628 272 689 Certum
288 635 332 688 est
342 633 444 688 autem
459 626 542 707 quod
556 626 635 687 trina
651 625 777 688 monitio
793 624 905 687 nonsit
919 621 1090 686 necessaria

107 718 145 778 ad
161 715 348 778 validitatem
358 733 508 791 rensurae,
521 715 573 777 sed
583 715 730 778 solumad
745 714 812 796 ejus
823 713 983 775 iiceitatem
996 731 1004 773 ι
1019 730 1087 792 cap.

109 804 258 878 Romana,
274 805 319 866 De
336 812 411 865 sent.
427 823 581 880 excomm,
597 805 628 864 in
643 809 687 878 6⁰,
704 809 735 864 et
749 821 816 882 cap.
834 801 941 874 Sacro,
960 801 1089 861 Deserat.

108 895 278 954 eacomm.¹.
287 891 362 954 Vide
375 893 521 972 quasdem
536 893 727 973 exceptiones
741 893 772 950 in
785 889 935 964 Manuali,
952 907 985 948 no
1000 891 1091 958 titio,

150 985 224 1044 824.
239 984 326 1044 -ΙΙ,
348 981 449 1056 Orrood
461 1001 590 1044 censurae
602 982 792 1052 sententiam,
816 979 855 1041 ad
876 978 970 1058 ipsius
990 975 1091 1037 iraiidi-

111 1073 206 1131 tatem
223 1070 386 1150 requiritur
402 1077 435 1132 ut
449 1070 571 1150 scripto,
587 1071 701 1145 verius,
716 1076 768 1130 aut
787 1068 845 1128 aiio
859 1067 947 1148 signo
968 1071 1091 1147 externo

112 1157 304 1240 proferatur,
322 1159 434 1239 quibus
448 1158 630 1220 sufficienter
643 1159 862 1218 determinetur
874 1173 1015 1236 persona,
1032 1153 1090 1214 cri-

114 1265 187 1308 men
198 1254 229 1308 ct.
241 1264 370 1307 censura
377 1267 385 1319 ;
398 1255 427 1307 et
437 1247 518 1307 idem
528 1247 692 1309 dicendum
702 1247 884 1307 decensarae
893 1243 1091 1305 absolutione.

158 1329 201 1390 Ut
215 1327 288 1389 vero
298 1326 376 1388 diota
389 1325 682 1399 sententiasitlicita,
694 1326 888 1388 observandae
898 1336 969 1390 sunt
980 1329 1093 1390 sotem·

121 1415 446 1493 nitatesassignotaeob
460 1414 617 1478 innocent.
629 1417 706 1476 lVin
717 1435 783 1495 cap.
794 1415 1095 1493 Gdrnmedicinolisi‚

118 1505 304 1566 Desectam.
320 1523 476 1580 excomm,
493 1504 524 1564 in
540 1508 585 1581 6⁰,
602 1503 632 1564 in
645 1506 706 1584 qui
720 1504 860 1568 attditur:
881 1527 897 1565 a
911 1505 941 1566 Si
956 1504 1024 1584 quis
1038 1523 1092 1567 au·

121 1614 135 1651 a
156 1601 221 1655 tem
234 1593 373 1671 judicum
390 1592 564 1674 hujusmodi
581 1593 810 1654 constitutionis
823 1593 1001 1654 temerarius
1014 1595 1094 1654 exti-

119 1705 134 1742 o
155 1684 227 1744 terit
240 1681 379 1756 violator,
398 1691 451 1763 p'er
466 1701 601 1744 mensem
614 1699 709 1742 unum
723 1682 761 1742 ob
771 1681 910 1761 ingressu
921 1681 1091 1743 ecclesiaeet

118 1795 133 1831 a
155 1772 268 1832 divinis
282 1770 387 1832 officiis
403 1772 517 1833 noverit
531 1789 564 1834 se
578 1789 761 1850 suspensum
776 1791 806 1832 n.
825 1772 952 1850 insuper
966 1787 1035 1830 reus
1047 1779 1091 1832 est

114 1858 1091 1944 protinusdcensuraobsoitendus.-Abiotaestsusp.C.Ap.Sed..

151 1951 305 2012 Omittens
320 1950 414 2013 dictas
438 1950 644 2012 solemnitates
658 1968 695 2010 ex
716 1951 809 2010 causa
832 1948 963 2029 urgenti,
986 1966 1088 2028 poenas

112 2059 173 2102 nou
189 2039 332 2113 incurrit,
347 2041 417 2100 oiim
434 2039 551 2101 dicatur
568 2039 615 2101 :si
627 2039 694 2120 quio
705 2039 896 2110 temerarium
911 2055 967 2100 nec
980 2039 1003 2098 si
1019 2037 1088 2117 quis

110 2130 231 2191 omittat
247 2147 283 2188 ex
299 2127 482 2207 ignorantia,
496 2128 567 2190 iicet
580 2127 670 2190 fuerit
686 2146 788 2190 crasso
804 2147 811 2189 :
830 2146 886 2188 nec
905 2127 1089 2208 Episcopus,

111 2218 180 2298 quia
196 2235 235 2278 ex
250 2235 317 2296 cop.
334 2217 413 2292 Quia
426 2217 636 2297 periculosum,
657 2217 703 2278 De
723 2225 797 2278 sent.
815 2236 968 2290 excomm„
994 2216 1026 2276 in
1040 2219 1083 2287 6⁰,

111 2305 235 2387 ruendo
257 2306 355 2383 agitur
376 2306 414 2367 de
434 2309 532 2386 poenis
552 2307 762 2386 suspensionis
779 2312 811 2367 et
829 2305 991 2378 interdicti,
1016 2323 1086 2384 spe·

113 2394 195 2458 tiaiis
222 2397 337 2456 mentio
360 2395 423 2456 fieri
446 2395 536 2458 debet
555 2397 593 2457 dc
619 2396 775 2476 Episcopis
791 2401 823 2456 ut
836 2394 903 2455 illas
917 2395 1082 2455 incurrant,

112 2491 309 2546 ucurruntur
323 2486 394 2544 vero
410 2503 507 2564 poenae
520 2488 613 2567 supro
627 2485 796 2558 recensitae,
818 2482 935 2542 etiamsi
955 2499 1086 2542 censura.

115 2591 168 2636 ton
193 2572 302 2634 habeat
323 2573 477 2644 effectum,
500 2574 651 2655 eoquod,
674 2593 700 2635 v.
723 2592 767 2653 g,
790 2588 860 2632 reus
878 2569 1008 2651 appellet
1030 2576 1082 2630 aut

116 2663 197 2724 udex
214 2660 391 2742 impeditam
408 2663 513 2722 habeat
525 2662 781 2741 iurisdictionem.

150 2751 249 2809 Causa
272 2765 408 2809 censurae
427 2749 555 2830 exprimi
578 2750 678 2824 debat,
703 2769 766 2812 non
790 2751 821 2812 in
846 2771 958 2832 genere
981 2755 1034 2816 sed
1057 2755 1091 2817 in

114 2835 213 2918 tpeoie
223 2853 235 2912 3
260 2836 383 2917 insuper
405 2840 552 2918 scriptura
570 2837 662 2900 debet
681 2856 747 2900 esse
771 2839 964 2915 authentica,
992 2843 1092 2921 sigillo

114 2924 283 3006 obsignata,
303 2933 334 2986 et
351 2926 518 3006 subscripta
539 2925 676 3007 djudioe
695 2932 748 2988 aut
769 2927 808 2987 ab
830 2928 901 3005 aiio,
922 2929 1016 3010 ipsius
1039 2949 1108 2992 no-.

115 3013 209 3090 mine,
221 3014 388 3076 autsaitem
402 3013 493 3076 debet
505 3032 558 3094 per
572 3015 698 3076 idoneos
708 3021 799 3076 testes
814 3017 945 3097 probari.
958 3020 988 3080 Si
996 3018 1087 3097 judex

115 3100 151 3164 tit
174 3102 355 3183 Episcopus,
380 3103 560 3165 sententiam
583 3121 637 3185 per
654 3104 748 3166 alium
768 3112 865 3185 potest
887 3106 1044 3186 proferre3
1064 3112 1087 3170 si

115 3189 266 3271 Episcopo
281 3194 319 3253 sit
328 3191 463 3270 inferior,
476 3197 571 3272 potest
583 3211 637 3273 per
647 3193 780 3273 seipsum
793 3201 846 3255 aut
855 3197 960 3256 saitem
975 3213 1030 3276 per
1039 3215 1089 3259 no

117 3278 225 3341 tarium
239 3287 291 3341 aut
305 3281 399 3342 otium
414 3281 596 3342 ministrum.
958 3276 961 3284 ’

149 3453 213 3506 ‘Sic
228 3451 304 3503 hahet
320 3467 373 3518 cop.
393 3452 470 3506 Sacro
482 3466 515 3503 :r
533 3451 568 3501 Ne
584 3451 641 3517 quis
657 3451 682 3500 iu
700 3450 808 3516 aliquem
825 3455 1088 3504 excommunicationis

117 3545 127 3574 ι
145 3525 296 3578 senteutiam
306 3561 312 3584 ,
324 3524 370 3573 nisi
382 3524 530 3588 competenti
544 3521 713 3572 admonitione
726 3520 859 3586 praemissi,
871 3527 895 3572 et
907 3524 1018 3588 personis
1031 3540 1083 3589 prro

117 3616 128 3646 ι
145 3597 261 3650 sentibus
274 3595 411 3656 idoneis...,
424 3593 580 3658 promulgare
589 3594 811 3660 praesumat3quod
827 3595 941 3645 sicontra
953 3610 1088 3658 praesump-

118 3670 220 3728 «serit,
235 3666 332 3717 etiamsi
347 3667 413 3731 juata
431 3665 502 3716 tuerit
519 3663 783 3716 excommunicationis
800 3665 931 3725 sententia,
948 3665 1088 3730 ingressuro

116 3759 128 3786 ι
144 3739 259 3792 oculata
272 3752 438 3804 permensum
451 3751 528 3787 uuum
540 3733 588 3786 stoi
597 3735 694 3786 noverit
704 3736 873 3788 interdictum.
886 3755 898 3784 ι
976 3807 1019 3857 ψ
