2574 4198
387 285 402 348 s
449 296 536 354 urana
557 295 715 344 sacnunus.
1014 287 1073 353 6⁰5

64 375 161 483 Jcap.
186 399 367 480 283x111):
389 400 451 460 aln
471 398 570 459 missis
590 405 620 460 et
641 397 746 460 officiis
770 397 1000 474 defunctorum,
1018 417 1076 461 neo

95 511 112 549 a
131 507 252 569 organo
265 505 322 548 nec
333 487 460 562 musica,
469 505 562 566 quant
575 485 733 566 figuratam
745 494 868 562 vocant,
879 489 1006 561 utimur,
1022 485 1074 550 sed

97 598 113 638 a
132 583 229 640 centu
247 575 346 648 firmo,
363 593 457 654 quem
469 572 558 662 etiam
574 581 711 656 tempore
726 575 879 636 Adventus
893 581 922 636 et
937 575 1074 648 Quadra·

98 665 262 746 agesimae
286 665 318 726 in
341 662 494 724 ferialibus
520 663 627 724 diebus
654 663 795 725 convenit
820 663 956 726 adhiberi
978 685 1008 726 a.
1032 665 1077 724 lta

97 754 211 836 pariter
224 755 256 814 S.
272 753 383 832 Gongr.
401 751 514 831 Episc.,
531 755 569 812 27
584 751 684 814 martii
697 755 784 814 leot.

135 859 241 921 Caveri
257 857 426 922 verodebct
434 860 518 936 iuxta
526 859 672 920 Declarat.
687 861 718 922 S.
732 861 768 922 a.
782 861 815 922 G.
843 863 878 920 al
895 857 971 920 febr.
986 861 1075 933 teta,

97 957 131 1009 u⁰
146 951 226 1010 1283
239 965 248 1008 t
262 951 292 1009 l⁰
308 966 346 1008 nc
359 953 458 1009 textus
472 947 642 1008 notabiliter
656 967 711 1029 per
726 947 873 1010 musicam
888 947 1075 1022 mutilentur,

98 1036 324 1117 anteponendo,
341 1036 553 1116 postponendo
562 1036 663 1108 verba,
676 1045 705 1098 et
714 1037 837 1099 illorum
851 1051 973 1098 sensum
987 1033 1077 1113 adep

99 1125 193 1187 tendo
207 1124 422 1200 modulationi,
438 1125 478 1185 ita
487 1131 521 1186 ut
531 1126 647 1186 musica
662 1143 724 1187 non
738 1126 837 1188 verbis
850 1132 879 1188 et
891 1124 992 1186 sensui
1004 1169 1014 1198 ,
1025 1120 1077 1183 sed

99 1213 190 1275 rerba
211 1217 243 1276 et
263 1231 370 1276 sensus
393 1214 537 1282 inservire
555 1215 713 1278 videantur
735 1216 875 1290 musicae;
896 1217 928 1276 2⁰
943 1231 993 1288 ne,
1009 1227 1079 1292 quae

100 1302 157 1364 sub
173 1301 322 1376 introitu,
337 1301 510 1378 offertorio,
527 1303 698 1366 Elevatione
716 1310 746 1366 et
763 1303 984 1366 Communione
1005 1318 1078 1362 cau·

100 1395 216 1462 tantur,
233 1390 276 1452 sic
290 1390 502 1471 protrahantur
514 1395 549 1453 ut
564 1392 720 1454 celebrans
733 1391 936 1474 expectando,
954 1391 1078 1451 missam

101 1473 323 1558 interrumpere
338 1485 481 1558 uagatum
500 1480 604 1561 sieque
624 1483 735 1560 pariter
749 1499 811 1543 non
832 1481 948 1542 musica
962 1480 1076 1554 missae,

100 1568 152 1628 seo
167 1569 262 1628 missa
279 1569 402 1628 musicae
415 1567 549 1630 lamulet.

138 1683 212 1741 759.
238 1679 341 1752 Quoad
363 1688 464 1742 autem
489 1699 581 1743 usum
607 1681 898 1759 instrumentorum,
925 1681 968 1744 sic
990 1682 1079 1743 habet

101 1767 219 1830 Bened.
238 1770 302 1831 lth
321 1769 352 1829 in
376 1769 496 1849 praelate
516 1770 640 1832 Constit.
660 1771 786 1831 Annas:
811 1791 889 1831 «....
906 1773 939 1834 2⁶
959 1771 1003 1830 De
1022 1787 1079 1831 usu

104 1881 118 1914 a
141 1859 455 1920 instrumentorum...
480 1857 553 1918 nihil
575 1859 787 1933 monebimus,
805 1857 862 1919 nisi
877 1865 910 1920 ut
928 1857 978 1919 illa
991 1857 1079 1940 adhi-

105 1969 119 2002 a
142 1949 273 2010 beantur
295 1945 486 2008 solummodo
508 1947 546 2008 ad
563 1947 625 2009 vim
642 1947 806 2028 quanrdam
822 1947 983 2009 verborum
1003 1965 1079 2009 can-

105 2059 119 2092 a
144 2035 188 2098 tui
205 2034 433 2114 quodammodo
447 2035 662 2114 adjiciendam,
676 2041 709 2098 nt
722 2037 880 2118 magisque
894 2036 1080 2099 audientium

105 2147 119 2180 a
141 2122 298 2184 mentibus
323 2141 429 2184 eorum
457 2141 564 2186 sensus
591 2123 769 2206 infigatur...
796 2124 826 2186 Si
851 2125 960 2208 (pergit
985 2125 1079 2210 idem)

105 2235 120 2267 a
142 2212 346 2273 instrumenta
363 2212 553 2274 continenter
567 2220 728 2292 personent
747 2220 776 2275 et
797 2215 895 2275 solum
915 2214 1078 2294 interdum,

106 2309 176 2364 aut
200 2299 290 2361 hodie
313 2299 375 2362 heri
401 2301 497 2378 solet,
523 2319 576 2380 per
603 2309 754 2364 momente
775 2303 874 2384 aliqua
899 2305 1079 2385 interquies-

106 2414 120 2446 α
142 2395 236 2462 cant,
253 2394 286 2451 ut
305 2387 434 2451 liberum
455 2390 584 2470 spatium
599 2391 757 2452 audiendis
774 2391 956 2454 harmonicis
970 2393 1079 2456 modu-

107 2502 120 2536 a
144 2475 330 2553 latioribus,
358 2478 554 2558 crispatisque
577 2480 808 2558 jaculationibus
835 2499 982 2544 vocum...
1007 2500 1081 2564 prae

106 2568 263 2642 abeant,
290 2567 434 2628 caeterum
462 2569 634 2648 opprimant
660 2569 865 2651 sepeliantque
891 2571 1080 2632 cantantium

106 2678 121 2711 a
143 2673 252 2717 vocem
273 2672 444 2735 sonumque
458 2655 641 2733 verborum,
663 2657 847 2719 frustraneus
860 2664 904 2720 est
924 2667 953 2720 et
967 2651 1081 2721 inutilis

107 2768 122 2800 a
144 2742 322 2822 hujusmodi
336 2741 605 2807 instrumentorum
620 2764 709 2823 usus,
728 2746 790 2807 imo
810 2748 919 2834 vetitus
932 2753 1022 2829 atquc
1038 2749 1080 2810 in·

107 2857 121 2891 ι
145 2831 335 2896 ἱετόίοῑυδ.»
885 2833 896 2846 “’

145 2942 283 3004 Consulit
296 2949 398 3006 autem
411 2944 547 3006 Pontifex
563 2942 609 3024 (η’
628 2943 673 3022 Η)
687 2950 722 3005 ut
736 2951 845 3024 praeter
857 2963 1005 3024 organum
1019 2963 1080 3008 non

104 3031 188 3094 aliud
214 3031 404 3112 permittatur
424 3032 658 3094 instrumentum
687 3034 779 3113 quam
807 3033 961 3109 barbiton,
990 3042 1081 3095 tetra-

104 3119 251 3196 chordon,
264 3117 402 3200 fidicula,
418 3120 489 3203 lyra
504 3120 699 3182 tetrachordis
715 3141 722 3182 :
747 3123 818 3203 quia
839 3123 901 3184 hace
922 3123 1083 3186 inserviant

105 3208 147 3271 ad
164 3209 394 3270 corrolorandas
412 3208 645 3290 aestimandosque
667 3213 851 3272 cantantium
870 3230 957 3272 voces.
971 3213 1081 3274 Vetan-

105 3303 156 3360 tur
183 3297 258 3359 vero
285 3306 447 3380 tympana,
467 3318 576 3360 cornua
594 3301 763 3374 venatoria,
779 3301 871 3370 tube,
896 3299 978 3362 titia
997 3301 1082 3364 deeu-

106 3405 213 3455 monoe‚
228 3385 339 3468 fistula
351 3435 359 3464 ,
373 3387 483 3468 fistula
492 3407 612 3469 parva,
630 3389 775 3469 psalteria
787 3387 999 3471 syarplmm'ra,
1014 3391 1081 3454 alre·

107 3475 159 3554 les,
174 3475 297 3557 aliaque
307 3474 341 3536 id
349 3495 440 3558 penas
452 3495 520 3557 aaa
533 3480 673 3538 musicam
689 3481 859 3539 theatralem
871 3479 1005 3559 efficiant.

147 3588 253 3663 Quoad
263 3588 470 3670 symphonias,
481 3589 595 3651 Bened.
609 3591 674 3652 XlV
686 3589 759 3650 dicit
772 3589 837 3650 illas
848 3609 935 3671 posse
948 3591 1081 3670 tolerari,

107 3678 160 3742 att
177 3697 280 3741 aarum
300 3697 369 3738 aaut
377 3678 445 3758 jam
464 3688 594 3760 receptus
611 3687 673 3768 est,
691 3677 843 3739 dummodo
858 3699 962 3758 proves
982 3682 1043 3741 sint
1056 3689 1083 3742 at

108 3787 212 3830 aarum
222 3765 431 3832 diuturnitate.
444 3767 563 3828 taedium
578 3786 637 3827 non
647 3768 772 3847 afferant
781 3768 819 3828 iis
831 3788 882 3847 aar
898 3769 1015 3829 adsunt.
1027 3769 1083 3830 Per
