2574 4198
243 297 302 355 604
517 303 673 350 stannum
693 301 775 349 runis
795 271 944 346 cxnonrci.

242 427 326 482 retur
341 417 473 482 melodia
490 419 617 498 profana
631 424 660 478 et
675 415 828 478 theatralis
842 436 850 490 ;
868 418 902 476 3⁰
917 419 948 476 ut
962 411 1000 474 de
1012 411 1059 474 his
1074 410 1216 478 accuntt

242 507 398 570 servandis
413 507 672 586 obstringerentur
683 507 856 582 iuramento
871 503 1003 584 magistri
1014 501 1213 583 capellarum.

242 599 374 677 Haecque
384 595 520 678 praecipit
532 595 589 656 sub
610 597 700 675 poena
712 589 1035 654 excommunicationis
1059 591 1127 650 latae
1142 607 1213 652 sen·

242 685 354 757 lentim,
370 683 534 764 privatione
546 682 696 744 fructuum
713 676 802 742 unius
814 681 926 741 mensis
940 676 1093 752 beneficii,
1109 687 1143 739 et
1155 695 1215 739 sus·

228 765 1215 857 =pensionechelheim-suppressaesunthaecensureeCnlpSed.

275 853 364 915 Plura
389 853 446 916 alia
475 853 646 935 praescripta
673 853 784 916 luere:
816 853 928 915 Bened.
957 854 1038 930 XlV,
1071 854 1104 915 in
1126 856 1209 918 Bulll

236 941 348 1016 Annus,
372 942 409 1003 ad
432 943 598 1023 Episcopus
617 941 739 1005 ditionis
756 941 967 1004 ecclesiasticae
990 940 1106 1004 directa
1132 963 1208 1006 anno

237 1035 323 1105 1749,
339 1029 421 1092 dicit.
440 1049 447 1092 :
468 1033 635 1094 avertente
652 1051 733 1092 anno
747 1035 842 1105 1657,
861 1029 1028 1091 Alexander
1050 1033 1105 1092 Vll
1122 1034 1209 1110 (Gon-

240 1141 253 1175 ι
275 1119 427 1180 stitutione
450 1119 518 1182 Pice
530 1119 759 1198 sollicitudinis)
775 1119 918 1200 praecepit
933 1125 965 1180 ut
980 1137 1033 1198 per
1048 1117 1078 1180 id
1091 1127 1210 1202 tompus

239 1229 254 1264 ιι
274 1225 336 1287 quo
349 1206 450 1268 divina
461 1209 670 1290 persolvuntur
684 1207 794 1282 officio,
807 1215 836 1268 et
857 1226 920 1287 quo
934 1207 1063 1288 publicae
1076 1208 1210 1272 fidelium

238 1317 254 1352 ιι
273 1296 495 1358 venerationi...
512 1306 738 1359 sacramentum
753 1295 945 1358 Eucharistiae
961 1297 1136 1376 expositum
1149 1307 1210 1374 est,

238 1406 253 1440 ιι
275 1383 357 1445 nulla
373 1383 429 1446 alia
451 1387 584 1447 carmina
604 1405 658 1448 seu
681 1385 771 1447 verba
792 1390 963 1458 cantentur,
980 1386 1037 1446 nisi
1052 1385 1211 1468 desumpta

239 1494 253 1528 ιι
273 1491 309 1534 ex
324 1472 489 1546 breviari0‚
504 1475 549 1535 vel
570 1473 682 1535 missali
702 1493 865 1536 romano...
879 1473 923 1536 vs!
938 1475 1028 1535 Sacra
1043 1475 1210 1556 Scriptura,

235 1585 249 1616 ι
273 1567 325 1624 aut
335 1563 387 1624 SS.
404 1565 524 1624 Patrum
539 1563 719 1643 operibus...
734 1562 840 1642 Aliqua
853 1561 1040 1624 dubitatione
1055 1568 1210 1640 exor·td...,

237 1653 429 1713 «innocent.
452 1653 519 1728 XII,
540 1669 622 1713 anno
639 1655 734 1726 toea,
760 1651 841 1712 aliud
863 1653 1023 1712 Decretum
1037 1653 1210 1735 promulga-

236 1763 251 1797 ιι
272 1741 349 1802 vit...
365 1760 371 1801 :
389 1741 556 1820 generatim
571 1758 835 1822 quarumcumque
852 1737 1072 1802 cantilenarum
1087 1749 1210 1804 cantum

238 1853 251 1885 ιι
272 1849 325 1891 seu
340 1838 532 1907 motetorom,
549 1829 711 1910 prohibuit.
731 1831 802 1891 ln...
827 1828 987 1890 missarum
1001 1827 1208 1907 solemnibus,

183 1931 184 1934 ’
234 1941 251 1976 ιι
272 1919 463 1980 solummodo
474 1918 609 1997 permisit
619 1919 695 1980 ultra
710 1923 834 1980 cantum
851 1915 953 1980 Gloria
965 1923 994 1978 et
1008 1917 1164 1998 symboli,
1180 1929 1211 1984 ut

237 2031 252 2064 ιι
272 2007 339 2068 cani
362 2015 463 2086 posset
481 2005 637 2080 introitus,
659 2005 807 2068 Graduale
824 2012 854 2068 et
868 2005 1079 2076 offertorium:
1097 2007 1129 2067 in
1145 2011 1211 2072 Ves-
1275 2039 1276 2087 ι

237 2119 251 2153 ι
272 2094 352 2175 peris
372 2095 444 2157 verd
465 2094 548 2156 nutta
571 2095 737 2156 mutatione
756 2095 846 2157 etiam
864 2094 992 2155 minime
1014 2093 1110 2170 lacte,
1129 2099 1210 2160 anti·
1274 2135 1275 2186 q

236 2209 251 2242 ιι
272 2183 381 2266 phonae
397 2201 466 2265 quae
489 2183 738 2264 initio'cujusque
753 2184 877 2266 psalmi,
892 2183 937 2244 rel
952 2184 984 2244 in
1006 2183 1071 2262 ejus
1088 2184 1152 2248 fine
1166 2187 1209 2250 di-

237 2280 408 2336 acuatur:
429 2271 555 2352 insuper
576 2272 710 2335 voluit...
735 2279 768 2334 ut
791 2272 898 2334 musici
922 2278 1061 2334 cantores
1083 2275 1210 2340 omnino

235 2386 251 2420 ιι
272 2362 370 2442 legem
388 2360 471 2422 chori
490 2367 711 2442 sequerentur,
736 2368 766 2422 et
786 2359 1045 2442 quemadmodum
1061 2361 1095 2423 in
1118 2363 1210 2428 choro

236 2476 251 2509 ιι
271 2449 385 2532 aliquid
399 2449 509 2512 addere
527 2449 626 2512 officio
650 2449 693 2511 las
711 2457 852 2527 nonest,
870 2449 909 2511 ita
928 2449 1051 2512 musicis
1069 2452 1171 2517 noluit
1181 2456 1209 2518 id

235 2565 250 2598 ι
271 2541 381 2615 licere3
396 2546 426 2601 et
441 2539 513 2600 illud
523 2538 667 2600 duntaxat
678 2539 826 2601 concessit
841 2544 874 2602 ut
883 2557 918 2600 ex
934 2537 1070 2602 cilicio...
1089 2542 1145 2606 SS.
1157 2546 1208 2606 Sa·
1270 2541 1271 2546 ’

234 2654 249 2688 ιι
270 2627 437 2704 crementi,-
457 2625 602 2689 nimirum
623 2647 660 2689 ex
678 2627 800 2708 hymnis
814 2630 845 2689 S.
860 2627 1003 2698 Thomae,
1019 2627 1065 2689 vel
1081 2647 1119 2692 ex
1131 2634 1208 2694 anti·
1269 2637 1270 2675 l

235 2741 249 2776 ι
270 2717 378 2799 phonis
392 2715 517 2796 aliisque
532 2716 633 2778 relatis
655 2717 686 2777 in
705 2716 852 2778 breviario
873 2724 903 2778 et
916 2715 1067 2780 missali...
1083 2735 1207 2784 carmen
1268 2729 1269 2773 t

234 2829 249 2865 ι
269 2804 391 2888 aliquod
410 2823 463 2866 seu
478 2811 626 2866 motetum
642 2805 726 2867 nulld
740 2804 902 2867 verborum
918 2805 1077 2886 varietate,
1093 2811 1206 2872 cantari
1267 2825 1268 2871 t

233 2918 247 2954 ιι
269 2900 418 2976 posset...,
431 2893 504 2956 durn
518 2896 606 2956 Sacra
614 2895 715 2955 llostia
729 2893 871 2971 elevatur,
884 2891 929 2955 vel
945 2892 1066 2974 publice
1079 2897 1207 2962 colenda
1266 2901 1267 2967 l

232 3007 246 3043 ι
267 2983 468 3046 exhibetur.»
1264 2993 1266 3066 t

267 3072 354 3136 Unde
379 3070 591 3154 «prohibitum
606 3077 651 3133 est
662 3077 782 3134 cantare
800 3072 919 3150 laudes,
935 3072 1118 3153 cantilenas,
1133 3096 1205 3140 can·

230 3187 246 3224 ι
266 3163 381 3234 tiones,
399 3160 445 3222 vel
466 3159 524 3221 alia
539 3160 569 3220 in
589 3160 693 3239 lingua
714 3160 845 3241 vulgari,
866 3161 927 3224 sive
945 3162 1024 3224 inter
1042 3161 1204 3228 missarum

227 3275 246 3334 Ιι
265 3249 423 3326 solemnia,
439 3249 500 3310 sive
514 3247 649 3328 exposito
664 3250 716 3310 SS.
733 3251 937 3321 Sacramenta,
956 3255 1007 3312 aut
1019 3250 1048 3311 in
1066 3251 1204 3332 ejusdem

229 3363 245 3400 ι
265 3339 503 3422 processione.»
526 3339 557 3400 S.
571 3339 608 3400 lt.
632 3339 756 3420 Congn,
778 3343 814 3400 ut
830 3347 918 3401 mart.
939 3341 1028 3418 1609,
1047 3344 1077 3400 et
1091 3341 1203 3421 pluries

225 3436 339 3512 postea.

195 3571 196 3576 ,
228 3589 234 3600 ¹
264 3519 376 3580 Versus
397 3522 498 3580 arrtem
526 3515 630 3596 lingua
653 3515 767 3596 vulgari
785 3513 963 3597 compositi,
983 3513 1115 3596 permitti
1136 3535 1202 3600 pos

224 3613 294 3669 sunt
313 3611 381 3687 post
399 3603 659 3680 benedictionem,
675 3622 711 3665 ex
730 3603 827 3666 becis.
845 3607 863 3666 3
887 3623 956 3685 aug.
973 3606 1201 3672 teas-uicta

223 3694 303 3770 heec,
319 3699 354 3757 ul
366 3701 446 3774 patet
459 3739 466 3769 ,
483 3692 609 3772 intelligi
624 3692 735 3754 debent
748 3692 786 3754 de
801 3693 940 3754 universa
952 3691 1098 3758 Ecclesia.

261 3787 386 3862 lnsuper
396 3781 427 3842 in
441 3780 650 3845 Ceremom'oli
661 3781 839 3863 Episcopor.
854 3782 920 3844 haec
930 3781 1082 3845 habentur
1091 3783 1157 3863 (lib.
1169 3787 1199 3864 l,
