2590 4208
185 301 247 388 Ἃ
462 305 617 356 aturrus
638 307 720 358 tuuis
740 307 886 352 canonici.

191 426 223 504 ei
236 421 411 480 cenventus
424 411 661 494 Trappistarum
672 413 827 477 Staouelis
838 415 868 475 iu
885 413 998 476 Africa.
1012 411 1093 491 lmo,
1108 421 1172 478 etst

197 523 227 567 m
253 521 285 564 se
307 519 371 564 non
394 501 611 582 approbentur
634 504 773 566 virorum
801 500 1066 582 congregationes
1093 500 1173 563 reli·

194 594 299 672 giosee,
317 591 444 671 agnosci
460 598 563 652 tamen
579 601 708 671 possunt
724 599 874 672 tauquam
888 589 1174 671 laslitalapalilieoe
1273 581 1274 624 t

238 679 326 738 ‘litura'
345 729 350 742 .

194 688 380 830 atalnstitfm
396 767 568 846 religiosae
581 767 869 830 Guberniouttalia
882 765 1069 847 approbata,
1085 765 1172 828 bona

196 857 358 937 acquirere
377 863 408 917 et
424 855 581 935 possidere
604 863 724 934 queunt
745 875 817 919 curn
841 874 970 918 assensu
992 855 1172 935 Principis;

196 943 261 1007 imo
274 943 306 1006 iu
322 945 366 1006 eis
381 944 481 1005 emitti
496 943 592 1006 licent
606 954 678 1006 vota
693 963 764 1024 quae
779 963 796 1006 e
811 943 972 1008 Gubernio
990 951 1172 1022 agnoscun-

198 1041 259 1104 tur,
276 1031 328 1093 sed
349 1049 406 1114 pro
429 1039 568 1113 ternpore
583 1033 795 1096 solummodo.
817 1033 995 1112 (Manuale,
1015 1031 1058 1092 n⁵⁸
1071 1031 1172 1093 2586·
1274 1045 1275 1104 i

195 1120 285 1184 2595.

236 1119 343 1282 undant
371 1207 549 1272 Institutas
572 1210 732 1274 Gubernio
755 1229 818 1273 non
833 1211 950 1290 agnita,
966 1227 1074 1273 eoram
1102 1209 1174 1288 lege

196 1297 282 1359 civili
296 1298 454 1360 habentur
468 1317 505 1361 ac
519 1299 543 1360 si
559 1311 661 1362 essent
678 1299 840 1363 saecularia
853 1307 885 1360 et
900 1299 1020 1381 absque
1035 1299 1128 1361 votis.

238 1383 269 1446 Si
295 1393 398 1448 tamen
415 1398 449 1450 ut
458 1388 587 1468 publicu
601 1390 743 1452 utilitatis
765 1389 911 1450 Instituta
929 1395 1170 1468 agnoscantur,
1275 1441 1276 1468 ,

197 1473 263 1535 haec
285 1475 386 1538 civilis
411 1478 607 1556 recognitio,
632 1481 675 1539 ait
691 1479 725 1540 tt.
752 1478 913 1554 Calmette,
940 1499 956 1537 a
977 1497 1015 1538 ne
1037 1494 1173 1558 procure
1275 1489 1276 1496 ³

197 1584 212 1624 a
236 1580 298 1642 que
313 1563 357 1628 les
377 1574 546 1646 avantegcs
568 1569 624 1648 qui
646 1587 684 1628 en
700 1566 988 1648 derivent,d'aprds
1010 1565 1040 1628 la
1062 1565 1107 1627 lci
1132 1565 1171 1627 de

196 1675 211 1712 e
238 1649 505 1734 l'enseignemcnt.
528 1655 612 1719 Nous
632 1674 777 1737 croyons,
793 1656 1038 1719 contrairemont
1052 1653 1171 1736 al’opt-

198 1768 212 1805 a
236 1753 312 1815 nion
335 1749 373 1809 de
393 1746 548 1826 quelques
568 1754 713 1818 auteurs,
733 1764 794 1827 que
815 1752 894 1807 cette
909 1744 1171 1806 reconnaissauce

198 1860 211 1896 e
236 1839 313 1903 rand
330 1837 375 1898 les
389 1835 592 1898 associatione
608 1835 826 1914 religieuses...
848 1833 969 1896 habiles
988 1832 1169 1914 eposseder
1276 1903 1277 1926 χ

197 1949 212 1985 a
236 1929 291 1990 des
318 1927 407 1988 biens
429 1931 459 1985 et
483 1923 501 1986 a
525 1927 664 1985 receuoir
685 1924 740 1986 des
764 1923 943 1987 liberalitas.
968 1944 984 1982 a
1013 1921 1169 2003 (Manuale

196 2019 342 2085 n⁰2596;
363 2014 432 2074 vide
455 2014 550 2074 ctiam
576 2011 676 2074 Troili
698 2011 746 2074 dee
771 2011 910 2093 Conprip.
939 2011 1111 2088 religieuees
1131 2013 1168 2072 de

195 2104 234 2166 tt.
248 2102 387 2166 rinnand
401 2101 552 2180 Ravelet.)

536 2279 750 2344 tattuttttts
771 2279 822 2342 tlt.

236 2458 275 2506 titt
294 2456 440 2502 uauouttca
461 2455 561 2502 uenat
583 2455 697 2500 STATUM
718 2453 897 2500 REHGIOSUH
919 2443 1128 2499 iuduuutuuut.

236 2579 397 2659 ingressus
417 2578 449 2639 in
474 2575 658 2655 religionem
681 2575 716 2636 fit
741 2592 796 2655 per
815 2574 1043 2657 professionem
1071 2591 1166 2655 quarn

195 2668 314 2754 praeced
319 2687 370 2729 ere
384 2667 475 2728 debet
489 2666 660 2727 novitiatus
674 2664 734 2726 rite
748 2671 905 2746 peractus.

651 2826 714 2908 §¹-

572 2981 615 3043 De
630 2980 799 3044 Nova'tiutu.

236 3132 305 3196 951.
328 3127 504 3192 Novitiatus
518 3131 564 3186 est
584 3135 731 3187 mutuum
756 3123 1008 3208 experimentum
1025 3145 1092 3208 quo
1111 3127 1165 3190 Re·

197 3219 284 3301 ligio,
295 3235 404 3278 erana
420 3225 518 3296 parte,
529 3215 689 3294 experitur
703 3222 847 3277 moreset
861 3214 1030 3295 qualitates
1045 3217 1165 3292 novitii,

197 3316 233 3372 ut
255 3305 359 3367 videat
378 3322 418 3366 an
439 3302 586 3385 expediat
610 3303 700 3364 illurn
724 3302 889 3366 admittere
909 3303 958 3367 vel
973 3304 1124 3387 rejicere3
1140 3317 1164 3366 et

196 3395 349 3470 Neritius,
365 3412 404 3456 ex
426 3391 523 3455 altera
549 3399 654 3474 parte,
670 3393 830 3473 experitur
845 3392 1017 3472 Religionis
1039 3393 1164 3456 austeri·

198 3492 276 3548 tates
290 3491 321 3544 et
335 3489 461 3560 statuta,
478 3499 632 3563 suamque
644 3479 795 3552 indolem,
811 3488 846 3544 ut
861 3481 965 3545 videat
981 3500 1022 3546 an
1037 3483 1099 3546 sibi
1113 3500 1161 3544 ex·

197 3573 303 3658 pediat
318 3571 404 3633 illam
421 3570 573 3653 profiteri.

237 3661 331 3725 Plura
345 3668 417 3723 suut
429 3657 639 3720 examinanda
653 3658 733 3720 circe
749 3659 942 3724 Novitiatutu
957 3681 968 3724 t
