2552 4204
203 292 262 356 tat
472 296 624 346 aseneum
645 293 728 340 rurus
748 287 901 336 canumet.

242 402 383 482 Plerique
404 399 453 460 alii
469 395 594 458 effectus
613 387 764 453 interdicti
782 385 885 449 localis
907 397 1092 446 communes
1115 384 1185 441 sunt

205 489 365 556 cessationi
381 489 398 548 ὰ
412 485 525 548 diuinis
541 502 549 544 ε
566 484 756 544 sacramenta
770 491 913 538 concessa
934 476 1074 550 tempore
1088 467 1185 530 inter-

204 580 273 643 dicti
287 628 294 653 ,
308 575 520 641 conceduntur
536 570 649 652 pariter
657 575 795 647 tempore
806 559 982 626 cessationis
996 560 1014 619 a
1028 557 1152 620 divinis.

244 670 322 732 Cum
348 671 450 729 autem
471 657 647 740 hujusmodi
662 655 789 718 cessatio
812 649 935 714 nonsit
958 665 1112 724 censura,
1133 663 1189 708 nec

207 775 297 840 poena
312 753 435 836 proprie
448 750 548 822 dicta,
565 745 618 827 qui
638 746 721 806 illam
735 743 825 804 violat
843 757 907 802 non
927 735 1058 800 incurrit
1083 752 1190 815 poenas

204 853 312 910 contra
332 843 492 906 violatores
510 851 709 899 censurarum
733 837 871 905 statutas3
894 835 924 890 et
947 826 972 888 si
996 825 1082 886 illam
1101 821 1191 884 violet

206 953 262 1020 per
275 933 457 998 exercitium
478 925 608 1007 alicujus
628 921 743 985 ordinis
765 919 862 996 sacri,
884 916 916 978 in
936 912 1191 996 irregularitatem

209 1041 274 1089 tlon
286 1020 405 1086 incidit.

628 1167 767 1182 μ

578 1304 726 1374 CAPUT
745 1301 812 1370 111.

544 1473 597 1522 DE
632 1467 858 1518 Duutcrts„

251 1652 320 1713 illil.
345 1644 495 1706 Delictum
506 1655 559 1700 seu
571 1637 687 1699 crimen
699 1641 742 1695 est
754 1632 849 1694 tibere
863 1650 896 1690 uc
908 1627 1084 1690 uoluntaria
1096 1626 1195 1689 divini

227 1746 268 1797 „g
281 1732 403 1796 bomani
424 1730 510 1812 juris
534 1723 672 1799 etotatto,
687 1721 793 1804 quoeic
815 1719 1025 1782 detrimentum
1048 1716 1197 1780 Eccleeioe

231 1825 259 1885 ct
286 1822 386 1884 civilis
403 1815 556 1900 potestatis
576 1811 733 1874 redundat.
749 1843 789 1856 -
807 1807 1007 1888 Distingultur
1028 1807 1046 1866 b
1069 1811 1196 1886 peccato

216 1911 411 1993 simpliciter,
433 1908 465 1967 in
479 1923 516 1968 eo
536 1902 620 1984 qubd
635 1906 812 1983 peccatum,
827 1898 896 1959 licet
909 1895 946 1956 sit
959 1893 1054 1956 divini
1073 1901 1127 1956 aut
1139 1893 1195 1956 hu·

218 2000 302 2062 meni
310 1993 526 2076 jurisviolatio‚
539 1990 672 2054 societati
681 1997 781 2050 tamen
791 1990 1010 2050 nocumentum
1017 2001 1081 2044 non
1091 1983 1195 2046 insert.

258 2085 372 2147 Delicta
387 2083 444 2144 alia
464 2087 535 2142 sunt
547 2079 743 2140 ecclesiastica
757 2094 826 2158 quae
842 2073 898 2136 soli
916 2071 1058 2134 Ecclesiae
1081 2071 1196 2136 directe

227 2174 372 2238 fficium:
390 2169 491 2251 qualia
505 2174 577 2231 suut
591 2187 660 2248 quae
676 2167 768 2227 fidem
783 2172 812 2226 et
825 2161 1004 2242 religionem
1017 2159 1135 2222 directe
1150 2160 1197 2223 lte

219 2265 312 2336 dunt,
328 2265 363 2322 ut
375 2257 538 2339 apostasia,
554 2254 696 2331 haeresis,
714 2253 864 2330 schisma,
880 2248 1028 2326 simonia,
1041 2255 1117 2326 cte.;
1141 2249 1196 2312 alia

213 2356 287 2416 *sunt
300 2348 407 2412 civitio
421 2364 491 2427 quae
505 2345 641 2406 saeculari
654 2342 838 2424 Reipublicae
857 2339 1050 2422 potissimum
1065 2346 1194 2412 nocent,

217 2449 248 2506 ut
259 2436 479 2513 homicidium,
494 2433 626 2510 lurtum,
641 2435 818 2514 peculatus,
834 2439 906 2505 etc.;
918 2428 969 2490 alii
985 2426 1112 2489 undem
1128 2435 1197 2492 suut

211 2527 382 2592 communio
396 2543 451 2588 seu
470 2525 567 2586 mixta
581 2542 650 2604 quae
665 2523 806 2605 religioni
829 2519 942 2603 pariter
963 2525 995 2579 ct
1008 2517 1196 2598 Reipublice

214 2619 430 2693 adversantur,
446 2620 481 2676 ut
500 2614 617 2676 crimen
634 2625 816 2690 usurarum,
827 2606 988 2682 adulterii,
1004 2607 1195 2670 concubina-

216 2709 281 2782 tus,
295 2704 457 2784 sortilegii,
470 2708 529 2764 ete.
546 2705 621 2763 ltem
639 2702 748 2764 delicta
762 2700 820 2762 alia
831 2703 901 2761 sunt
914 2695 1050 2772 occulto,
1066 2697 1127 2759 alia
1137 2715 1193 2780 pu·

218 2795 311 2873 blica,
326 2793 373 2856 vel
388 2791 549 2874 manifesta
562 2791 609 2853 rel
624 2791 753 2854 notoria.

256 2886 300 2946 lle
319 2880 499 2944 criminibus
522 2878 733 2942 ecclesiasticis
755 2879 838 2940 solus
859 2875 954 2956 iudex
974 2874 1193 2938 ecclesiasticus

214 2973 306 3036 etiam
318 2975 425 3034 contra
435 2968 528 3030 laicos
540 2969 696 3048 cognoscit
708 2966 872 3044 etjudicat,
883 2962 1193 3045 siquidemjudicium

215 3070 260 3124 est
274 3061 313 3121 de
328 3076 360 3120 re
375 3055 542 3138 spirituali;
556 3056 685 3118 crimina
698 3056 796 3118 civilia
807 3053 902 3134 judex
914 3053 1009 3115 laicus
1018 3053 1175 3134 cognoscit
1183 3071 1190 3126 ;

215 3148 346 3212 crimina
358 3151 461 3207 autem
472 3143 566 3205 mixta
576 3149 705 3226 uterque
714 3143 808 3224 Judcx
821 3141 989 3224 cognoscit,
1000 3145 1120 3204 servata
1132 3141 1194 3222 lege

217 3233 449 3316 praeventionis:
475 3239 608 3294 attamen
632 3233 737 3294 omnia
750 3233 879 3295 crimine
893 3232 955 3292 sive
973 3229 1122 3292 laicorum
1135 3231 1193 3293 siro

216 3325 395 3386 clericorum
408 3339 463 3400 pro
475 3321 539 3384 loro
550 3317 676 3383 interno
686 3327 715 3382 et
725 3320 948 3388 sacramentali,
959 3319 1022 3381 imb
1031 3317 1193 3401 aliquando

214 3414 305 3474 etiam
321 3429 377 3492 pro
390 3410 456 3472 loro
469 3419 617 3488 eterno,
633 3409 672 3472 ad
695 3411 864 3472 Ecclesiam
877 3414 1024 3491 spectant.
1050 3409 1141 3473 Unde
1158 3407 1193 3469 de

217 3501 377 3582 praecipuis
400 3518 508 3562 eorum
535 3499 800 3562 indiscriminatim
829 3498 968 3560 dicemus
990 3497 1023 3558 iu
1048 3497 1193 3578 capitibus

216 3589 438 3671 sequentibus:
461 3607 573 3670 nempe
593 3592 625 3652 l·
637 3588 676 3651 de
689 3588 808 3650 delictis
821 3594 928 3651 contra
943 3585 1035 3649 fidem
1048 3591 1081 3648 et
1095 3586 1193 3649 unita-

216 3685 276 3741 tem
300 3678 460 3754 Ecclesiae;
482 3679 515 3741 2⁰
536 3677 576 3741 de
590 3677 707 3740 delictis
730 3685 837 3740 contra
857 3677 1000 3740 virtutem
1021 3674 1192 3757 religionis;

215 3769 247 3825 3⁰
262 3767 299 3828 de
314 3767 431 3828 delictis
445 3767 595 3836 venereis:
611 3771 646 3826 4⁰
660 3765 699 3828 de
712 3765 831 3828 delictis
845 3772 949 3828 contra
962 3763 1123 3842 justitiam.
