2604 4196
483 287 570 334 amru
590 287 748 336 securibus.
1011 277 1070 336 56⁵1

95 395 252 466 mantem,
273 387 382 450 saltem
399 393 482 448 extra
503 405 606 448 casum
619 388 802 450 necessitatis
821 407 829 450 ε
848 387 890 465 si,
905 408 935 451 r.
952 409 1002 468 3.,
1019 407 1072 469 per

96 478 203 539 decem
226 482 278 538 aut
302 475 405 555 viginti
432 474 497 535 dies
523 475 671 553 conjuges
696 481 876 556 cogerentur
898 494 1020 538 manere
1041 477 1072 536 in

96 565 245 640 ecclesia,
261 570 314 625 aut
338 562 362 624 si
384 568 485 623 essent
504 561 535 621 in
550 561 685 640 periculo
710 564 936 625 incontinentiae
952 563 1016 642 (lib.
1032 567 1070 636 3,

97 652 233 730 noa5g),

135 741 260 802 Dictum
280 742 329 800 est
341 741 373 796 tn
392 735 511 798 ecclesii
528 745 700 816 peractam:
718 757 779 800 non
799 747 900 801 autern
914 739 1074 802 violaretur

95 827 225 890 ccclesia
241 843 295 906 per
311 823 436 886 seminis
452 822 631 884 effusionem
655 843 745 904 supra
760 833 890 901 tectum,
909 827 954 887 vel
969 825 1076 887 subtus

96 913 274 986 ecclesiam,
291 917 344 974 aut
366 911 397 972 in
414 911 563 981 sacristia,
586 912 648 973 imo
671 914 701 972 in
717 913 828 993 choro,
845 914 981 988 tribuna,
996 931 1075 975 con-

95 999 292 1077 fessionario‚
309 999 334 1061 si
347 998 407 1060 sint
416 1005 497 1059 extra
512 1017 623 1078 corpus
633 1001 781 1064 ecclesiae.

137 1091 211 1150 730.
236 1119 274 1134 -
295 1089 347 1148 lv.
370 1085 508 1148 Violatur
528 1087 656 1148 ecclesia
676 1089 746 1150 siin
764 1092 799 1152 ea
816 1090 977 1171 sepeliatur
1000 1089 1076 1150 inii·

96 1176 175 1238 delis
212 1194 276 1236 non
291 1174 477 1256 baptizatus,
497 1181 549 1235 aut
569 1179 849 1240 excommunicatus
863 1179 1017 1252 vitandus,
1036 1195 1072 1238 ex

96 1282 164 1345 cap.
182 1263 352 1326 Ecclesiam
371 1267 429 1337 27,
448 1263 766 1339 [reconsecratus.
788 1271 817 1328 l.
834 1300 871 1312 -
884 1270 952 1328 Non
970 1273 1073 1328 autem

97 1353 247 1435 polluitur
260 1351 386 1414 ecclesia
401 1351 425 1412 si
441 1351 471 1412 in
483 1353 519 1412 ra
531 1351 770 1430 sepelianturalii
785 1353 912 1434 indigni.

137 1440 301 1503 Dubitatur
325 1458 365 1502 an
390 1439 517 1502 ecclesia
538 1440 584 1500 vel
603 1443 812 1504 caemeterium
841 1444 993 1523 polluatur
1019 1461 1073 1523 per

97 1528 343 1592 inhumationem
362 1527 494 1590 baeretici
520 1529 628 1590 notorii
638 1549 647 1601 ;
673 1530 857 1609 probabilior
876 1539 977 1593 autem
997 1533 1072 1594 sieut

97 1617 189 1680 etiam
213 1617 407 1680 communior
428 1616 545 1678 uidetur
572 1618 718 1678 sententia
739 1637 864 1698 negans.
886 1621 929 1680 Re
947 1620 1071 1699 quidem
1126 1639 1128 1644 ’

97 1707 168 1766 verb
186 1705 218 1766 iu
232 1723 299 1786 cap.
318 1705 507 1786 Quicumque,
521 1704 566 1766 De
581 1705 749 1782 hereticis,
769 1707 799 1766 in
816 1712 863 1781 6⁰,
886 1709 1018 1768 sancitur
1040 1715 1073 1768 ut

98 1794 183 1856 locus
197 1794 303 1874 inquo
320 1794 456 1874 sepultus
470 1799 516 1854 est
529 1793 695 1867 haereticus,
709 1794 850 1876 perpetuet
863 1794 1070 1872 eoreotaepot-

98 1879 185 1958 turd3
204 1879 258 1943 sed
272 1882 395 1965 quaudo
409 1881 464 1942 iste
479 1901 576 1942 canon
592 1881 648 1943 luit
662 1882 770 1958 editus,
786 1901 847 1946 non
864 1882 1071 1962 requirebatur

97 1969 288 2032 denuntiatio
309 1977 342 2031 ut
355 1971 629 2032 excommunicatio
645 1989 716 2032 suos
735 1990 842 2034 omnes
856 1971 981 2034 effectus
997 1991 1070 2053 pro-

96 2057 222 2120 duceret
238 2076 245 2118 :
262 2057 429 2120 sufficiebat
442 2057 524 2120 enim
545 2066 617 2120 tunc
633 2060 815 2136 notorietas;
834 2061 885 2122 sed
901 2061 990 2122 hodie
1004 2068 1070 2141 post

97 2147 216 2207 Martini
231 2149 256 2206 V
272 2146 402 2221 Bullam,
416 2145 464 2206 Ad
476 2146 614 2207 evitanda
627 2146 777 2217 seandala,
788 2149 852 2211 haee
866 2167 927 2212 uon
940 2149 1070 2229 amplibs

96 2233 216 2297 sufficit.

136 2323 223 2384 Certe
244 2342 306 2385 non
330 2323 472 2404 polluitur
486 2323 633 2400 ecclesia,
652 2324 676 2384 si
696 2323 727 2384 in
742 2326 778 2386 ea
792 2325 955 2404 sepeliatur
970 2326 1070 2388 inians

96 2429 159 2472 uon
179 2409 363 2490 baptizatus,
380 2411 410 2472 in
432 2419 516 2473 utero
536 2412 640 2472 matris
658 2419 785 2474 mortuae
800 2413 933 2474 inclusus
953 2419 983 2474 et
998 2432 1069 2476 eum

96 2497 162 2578 ipsa
181 2498 355 2560 defunctus.
378 2500 499 2560 Certum
526 2506 570 2559 est
593 2499 683 2560 etiam
703 2500 839 2562 illicitum
855 2518 920 2561 esse
938 2501 1022 2561 illum
1039 2503 1070 2562 in

94 2587 223 2649 ecclesia
238 2593 290 2650 aut
303 2590 477 2650 coemeterio
490 2607 583 2669 sacro
598 2588 745 2667 sepelire,
765 2589 790 2648 si
813 2594 964 2650 extractus
982 2589 1071 2652 luerit

94 2675 133 2736 ab
149 2682 236 2738 utero
263 2678 367 2738 matris
385 2695 458 2738 suae.
477 2676 534 2738 Sed
551 2678 781 2738 controvertitur
804 2696 841 2738 an
863 2677 893 2737 in
914 2677 971 2738 isto
997 2696 1069 2740 casu

94 2763 248 2844 polluatur
259 2765 384 2827 ecclesia
398 2765 443 2826 vel
463 2765 686 2839 coemeterium,
700 2764 738 2825 dc
752 2784 814 2845 quo
834 2765 900 2826 vide
916 2766 1068 2839 biennale,

96 2861 128 2912 n⁰
145 2857 257 2930 teob,
281 2860 337 2914 etc·
360 2854 445 2914 Certe
460 2852 617 2934 polluitur,
633 2853 657 2914 si
681 2853 868 2931 sepeliuntur
887 2852 940 2913 filii
959 2853 1068 2914 inlide-

95 2939 169 3002 lium
192 2961 199 3000 :
222 2941 295 3020 quia
319 2941 370 3002 tilii
393 2941 599 3002 conditionem
623 2950 782 3020 parentum
801 2947 983 3019 sequentum
1007 2940 1069 3003 imb

95 3031 244 3090 sententia
253 3030 446 3092 communior
455 3029 700 3090 tonetecclcsiani
716 3026 807 3107 pollui
818 3045 872 3107 per
882 3028 1066 3108 sepulturam

96 3113 229 3178 filiorum
255 3117 390 3180 fidelium
413 3117 549 3179 nondum
568 3117 794 3196 baptizatorum.
816 3117 852 3176 Et
878 3115 942 3178 haec
963 3117 1068 3197 opinio

94 3211 138 3266 est
151 3205 296 3282 tenenda,
305 3207 389 3284 juxta
399 3207 558 3268 Decretum
570 3207 598 3266 S.
611 3207 720 3284 Congr.
731 3203 932 3266 lmmunitatis
947 3208 983 3267 18
993 3225 1064 3286 aug.

97 3293 185 3369 teet,
202 3294 255 3356 ubi
273 3295 489 3375 praecipiuntur
507 3293 681 3354 exhumatio
699 3293 804 3354 talium
823 3291 983 3355 infantium
1004 3312 1064 3356 non

97 3377 332 3462 baptizatorum,
353 3401 389 3444 ac
409 3381 614 3444 reconciliatio
633 3381 795 3442 coerneterii
815 3379 922 3461 inquo
942 3382 1070 3444 luerunt

96 3469 217 3550 sepulti.
241 3471 330 3532 Juxta
357 3469 536 3532 sententiam
560 3467 801 3529 communiorem
831 3485 891 3527 nou
921 3467 1065 3546 polluitur

96 3558 223 3620 ecclesia
237 3565 289 3624 aut
302 3557 509 3622 coemeterium
521 3575 574 3638 per
589 3555 773 3637 sepulturam
789 3554 1008 3616 catechumeni.

135 3648 170 3708 ln
185 3647 336 3728 predictis
355 3646 495 3722 casibus,
517 3645 643 3706 ecclesia
662 3649 806 3722 tanquam
826 3642 938 3722 polluta
960 3642 1065 3705 haberi

97 3751 156 3796 uon
174 3735 282 3803 debet.
299 3736 355 3796 uisi
374 3735 433 3796 sint
449 3733 557 3794 notorii
575 3751 582 3791 τ
599 3733 636 3792 itn
653 3750 719 3809 cap.
742 3729 801 3791 Tuo
818 3731 871 3798 aa,
891 3729 931 3787 lle
944 3730 1064 3800 simon.t
