2552 4204
220 311 281 374 740
486 324 639 372 centanam
660 324 743 370 ruars
763 323 911 370 canorum.

216 424 443 489 ecclesiastice.
462 424 632 488 Sententiae
646 422 784 485 Suarezii
797 421 935 483 avlhaeret
948 417 1039 481 Card.
1053 417 1169 500 Soglia.

256 513 330 578 872.
350 515 478 591 Qnaerit.
493 513 583 575 lulla
599 521 628 573 et
644 519 801 591 quatenus
815 510 854 572 sit
869 507 1068 590 prohibitum
1081 525 1170 570 com-

217 606 381 666 municare
392 621 466 666 cum
480 599 661 664 haereticis?

256 691 514 775 Respcerteesse
524 689 670 753 illicitum
685 686 921 750 communicare
928 703 1003 748 cum
1016 682 1172 746 hereticis

216 773 1173 855 sisintnominatimdenuntiati,utdiximussupra(8hl)trao

217 860 1172 940 tandodeaxcommnnicationc3siverdnonsintdenuntiati,

217 950 1175 1034 certecornmunicatiohaecillicitaest,oonsentientibusomni·

217 1049 330 1122 busin
346 1045 703 1124 oasibussoquentibus:
716 1045 746 1106 l⁰
756 1045 781 1106 si
798 1045 1052 1105 communicetur
1063 1040 1173 1123 inipsa

198 1128 389 1199 doctrint,1n
404 1130 513 1187 rrtrous
526 1131 753 1206 haeretrcrs,v.g.
763 1125 973 1206 participando
979 1143 1080 1189 coenae
1090 1129 1181 1192 catri-

199 1213 306 1291 nistae‚
322 1221 375 1278 aut
389 1214 454 1276 aliae
467 1213 511 1274 rei
526 1212 566 1273 ob
578 1231 670 1294 quam
684 1212 917 1274 communicans
927 1215 1060 1294 graviter
1076 1215 1116 1277 de
1127 1220 1180 1278 sut

200 1302 261 1365 lide
273 1309 432 1384 suspectus
445 1301 622 1373 haberetur;
636 1306 669 1363 2⁰
684 1303 708 1364 si
723 1320 759 1364 ex
772 1303 1053 1365 communicatione
1064 1305 1184 1384 pericu·

200 1390 264 1453 lum
279 1393 410 1473 propriae
432 1390 633 1471 perversionis
647 1390 837 1462 immineret,
853 1389 900 1452 vel
916 1390 941 1452 si
960 1391 1077 1453 oriatur·
1093 1411 1180 1454 scan-

199 1479 303 1542 dalum
318 1479 449 1562 proximi
464 1487 517 1542 eut
530 1479 685 1541 catholicae
698 1479 852 1559 religionis
866 1485 1084 1560 contemptus:
1101 1481 1184 1543 unde

199 1576 360 1646 peccarent
374 1567 513 1632 catholici
529 1567 581 1649 qui
595 1568 746 1648 magistris
760 1567 909 1630 haereticis
923 1567 1001 1630 filios
1016 1587 1090 1630 suns
1104 1569 1184 1632 edn-

200 1657 314 1722 candos
328 1659 571 1733 committerent3
589 1659 621 1718 3ο
634 1658 658 1719 si
673 1677 727 1739 per·
738 1656 913 1736 huiusmodi
927 1659 1182 1722 communicatio-

203 1762 272 1810 nem
286 1747 446 1811 haereticus
460 1746 545 1809 tieret
558 1745 700 1808 audacior
713 1753 742 1808 et
754 1747 785 1808 in
800 1765 856 1808 suo
868 1764 970 1808 errore
982 1747 1179 1827 pertinacior.

240 1834 325 1899 Circa
348 1836 429 1910 haec,
453 1835 585 1898 notanda
601 1843 672 1897 sunt
691 1836 773 1898 varia
796 1835 838 1896 Pii
857 1836 895 1895 Vl
914 1836 1030 1896 monita
1046 1854 1055 1897 ε
1072 1854 1185 1918 nempe

204 1926 235 1986 l·
249 1926 282 1986 in
306 1945 362 1988 suo
378 1925 464 1987 Brevi
490 1928 527 1986 19
547 1928 634 1986 mart.
661 1927 755 1998 1791,
775 1925 820 1986 sic
845 1923 948 1986 fideles
972 1924 1180 1988 admonebat:

206 2035 221 2072 a
242 2013 375 2075 Gereatis
391 2031 430 2076 ne
449 2013 511 2076 ullo
526 2013 618 2074 modo
632 2012 883 2081 communicetis,
900 2015 1070 2094 praesertim
1089 2014 1123 2076 in
1136 2015 1181 2076 di-

206 2124 222 2161 «
241 2103 336 2178 vinis,
353 2121 424 2164 cum
440 2101 565 2162 intrusis
579 2107 609 2162 et
627 2103 823 2176 retractariis,
839 2119 1036 2182 quocumque
1057 2104 1182 2165 nomine

206 2211 221 2250 a
242 2191 475 2270 appellentur.»
499 2224 537 2238 -
552 2192 586 2252 ln
601 2193 664 2253 suis
678 2192 749 2253 verb
774 2190 935 2266 cleribus,
955 2194 1087 2272 accept.
1107 2197 1184 2256 1791·
1268 2227 1269 2246 1

203 2284 231 2340 et
245 2283 283 2340 16
296 2279 363 2342 dec.
377 2282 454 2342 1793
465 2278 603 2341 dicebat:
622 2303 637 2338 c
649 2283 716 2342 Non
731 2279 823 2342 licere
833 2278 987 2350 fidelihus,
1000 2280 1063 2341 sive
1076 2280 1183 2344 diebus

207 2366 369 2442 «feriatis,
392 2369 453 2430 sive
478 2369 585 2430 dicbus
605 2368 773 2430 Dominicis
800 2367 927 2448 aliisque
948 2367 987 2428 dc
1011 2376 1179 2450 praecepto,

208 2479 223 2515 c
242 2457 343 2520 missae
356 2459 494 2520 assistere
509 2457 696 2520 celebrataet
712 2458 845 2539 parocho
857 2457 905 2517 vel
920 2455 1051 2537 simplici
1064 2459 1184 2539 presby-

208 2568 223 2606 α
243 2548 393 2628 tero,.qui
403 2548 531 2610 civicum
541 2547 749 2626 juramentum
765 2545 936 2620 emiserint,
953 2563 1055 2626 neque
1068 2547 1182 2608 eisdem
1267 2561 1268 2566 ’

208 2657 223 2695 r
243 2635 383 2696 fidelihus
398 2637 488 2699 licere
508 2639 639 2717 vesperis
662 2635 853 2716 publicisque
870 2634 1011 2715 precihus
1025 2637 1180 2712 assistere,

207 2747 223 2784 a
244 2725 356 2806 quihus
370 2725 536 2806 parochus,
550 2726 594 2788 vel
609 2727 736 2806 simplex
749 2724 888 2786 sacerdos
899 2731 1027 2804 praeest,
1050 2727 1124 2787 cum
1137 2743 1180 2788 cr.

208 2835 222 2871 c
244 2815 347 2894 presse
362 2814 448 2876 vetita
463 2814 554 2876 luerit
567 2815 681 2896 quaevis
697 2814 951 2887 communicatio,
967 2818 1140 2894 praesertim
1152 2817 1181 2877 in

210 2925 225 2960 α
244 2901 443 2978 divinis,cuvn
459 2904 583 2966 intrusis
595 2910 626 2964 et
636 2902 855 2966 retractariis..
1266 2977 1267 2982 ¹

248 3012 265 3052 c
284 2991 351 3052 Non
367 3010 453 3073 posse
469 2991 573 3053 fideles
588 2992 754 3072 parochnm
768 2992 903 3073 iuratum
918 2992 1002 3054 adire
1016 3011 1073 3074 pro
1084 3011 1181 3058 sacra·
1266 2991 1267 3081 1

210 3104 225 3139 ι
246 3090 351 3141 mento
368 3081 575 3158 Baptismatis‚
592 3089 716 3160 excepto
730 3099 803 3142 casn
818 3087 960 3143 extremae
979 3084 1180 3157 necessitatis,

211 3191 227 3229 r
247 3170 354 3248 inquo
369 3185 430 3227 non
445 3167 528 3229 adest
542 3167 618 3231 alius
633 3170 734 3231 valens
749 3169 908 3249 baptizare.
925 3173 992 3232 Non
1004 3171 1098 3234 licere
1110 3172 1181 3236 lide·

211 3280 227 3316 a
247 3257 326 3318 libus
342 3256 449 3336 patrini
464 3275 591 3320 munere
604 3258 689 3338 lungi
703 3259 734 3318 in
747 3257 930 3339 Baptismate
944 3261 1181 3324 administratae
1265 3269 1266 3316 1

211 3366 227 3404 c
247 3343 380 3426 paror-ho
400 3346 445 3406 vel
460 3346 634 3426 presbytero
651 3347 750 3425 jurato
764 3356 816 3410 aut
834 3350 851 3409 ὲ
872 3349 1005 3428 parocho
1019 3353 1178 3414 intruso.»
1265 3327 1266 3415 l

209 3433 283 3496 Vide
298 3433 355 3494 alia
369 3433 399 3494 in
415 3433 556 3496 Maenali
566 3435 679 3516 (6125).

246 3521 475 3584 Observandum
488 3529 536 3586 est
555 3524 636 3604 quod
652 3541 714 3585 non
737 3523 793 3586 luit
816 3525 1001 3606 prohibitum
1021 3545 1062 3590 ne
1082 3547 1182 3594 sacer·
1264 3553 1265 3602 t

207 3607 294 3672 dotes
305 3610 444 3673 catholici
457 3611 644 3674 celebrarent
663 3631 746 3675 sacra
760 3615 903 3696 mysteria
918 3617 950 3677 in
964 3617 1182 3701 ecclesiisque

206 3700 226 3762 t
247 3699 408 3762 schismate
422 3700 586 3783 profanatae
598 3703 699 3780 luere,
715 3704 786 3785 quia
801 3703 924 3786 pertale
937 3707 1056 3768 crimen
1071 3708 1181 3791 templa

200 3805 270 3854 -uon
286 3791 472 3871 polluuntur.
