2604 4196
195 301 251 360 uos
464 302 615 348 strumus
636 298 718 344 rums
739 297 887 344 cruorum.

196 406 240 470 vel
261 411 291 468 in
306 404 423 486 porticu
436 448 443 475 ,
456 400 552 475 turri,
568 403 619 459 aut
632 397 739 458 subtus
752 394 784 454 in
800 391 965 471 spelunca¹
981 409 1167 471 percussus,

196 495 289 576 fugiat
303 494 335 554 in
359 490 535 562 ecclesiam,
558 485 660 566 ibique
676 481 857 559 sanguinem
876 479 1010 541 effundat
1030 481 1165 561 copiose.
1197 501 1200 510 ¹

198 583 278 643 liene
292 587 393 640 tamen
409 579 544 650 econtra,
557 573 582 634 si
596 587 758 652 percussus
775 568 805 628 in
820 567 966 642 ecelesia,
982 573 1065 629 extra
1084 568 1167 630 illem

198 669 331 749 primum
355 665 462 728 fundat
480 659 660 742 sanguinem
684 657 863 738 copiosum,
878 657 950 736 quia
968 655 998 716 in
1022 655 1080 718 hoc
1097 675 1170 720 casu

198 775 288 820 eausa
307 753 464 816 ell'usionis
476 749 612 812 ecclesiae
625 746 770 827 injuriosa
785 745 816 806 in
831 746 865 805 et
882 743 1004 824 ponitur
1019 763 1027 804 z
1044 745 1169 807 eeclesia

199 845 280 906 enim
300 842 445 924 polluitur
458 857 519 900 non
535 835 655 917 proprie
669 852 723 914 per
737 832 914 895 effusionem
928 833 1103 912 sanguinis,
1118 833 1170 894 sed

201 952 253 1014 per
267 933 383 993 crimen
397 930 479 990 illem
496 925 675 988 effusionem
689 940 816 984 causans
831 922 923 982 modo
937 921 1071 982 ecclesie
1090 920 1170 1003 inju-

202 1021 294 1093 rioso,
320 1025 410 1100 prout
428 1016 508 1076 certe
527 1011 636 1074 accidit
658 1011 690 1071 in
709 1028 801 1086 casu;
820 1014 849 1071 et
869 1011 972 1071 reverit
997 1009 1028 1069 in
1047 1025 1115 1090 cap.
1136 1009 1171 1071 st

201 1108 330 1183 ecclesia,
355 1104 399 1166 De
424 1103 589 1166 Conserrut.
615 1098 730 1174 eccles,
755 1116 816 1159 non
834 1099 997 1178 requiritur
1017 1097 1173 1178 scnyofnis

201 1196 301 1273 effusio
315 1195 398 1255 intro
412 1190 575 1252 ecclesiam.
593 1187 666 1248 Vide
681 1190 711 1249 S.
720 1187 841 1266 Liguor.
855 1186 916 1262 (lib.
928 1188 959 1258 6,
971 1185 1043 1266 tot)
1054 1185 1107 1266 qui
1116 1186 1173 1248 hoc

202 1291 304 1344 tamen
319 1282 410 1342 habet
423 1279 543 1340 tantum
558 1282 591 1338 ut
604 1275 789 1356 probabilius
803 1296 809 1345 ;
826 1291 896 1334 nam
907 1275 1009 1354 plures
1023 1273 1073 1334 alii
1088 1292 1175 1338 secus

203 1371 347 1432 sentiunt.

244 1462 317 1520 item
333 1458 519 1539 pollueretur
536 1455 680 1527 ecclesia,
697 1451 721 1512 si
736 1451 844 1531 aliquis
861 1454 943 1512 extra
958 1467 1026 1512 eam
1046 1449 1175 1513 existens

205 1547 333 1608 alterum
351 1547 382 1606 in
396 1545 522 1606 ecclesie
537 1549 703 1606 exstantem
719 1540 826 1620 segittl
839 1539 886 1600 vel
902 1539 1007 1620 sclopo
1026 1539 1114 1600 taedat
1128 1547 1177 1602 aut

205 1633 339 1706 occidat;
360 1651 446 1695 secus
465 1633 489 1694 si
504 1633 571 1713 quis
585 1630 715 1692 existens
734 1629 810 1688 intra
824 1625 1004 1702 ecelesiam,
1025 1627 1115 1689 laedet
1128 1637 1177 1690 eut

206 1723 322 1784 occidat
334 1722 433 1801 jaculo
449 1721 604 1782 hominem
618 1726 701 1779 extra
716 1716 811 1796 ipsam
824 1715 1020 1777 existentem:
1038 1734 1100 1776 non
1114 1718 1177 1778 vio-

208 1811 284 1871 latur
296 1829 349 1891 per
364 1810 421 1870 hoe
431 1809 575 1882 ecclesia,
592 1807 663 1888 quia
676 1812 750 1866 tunc
763 1803 962 1864 homicidium
976 1821 1038 1864 non
1048 1811 1092 1866 est
1102 1805 1179 1867 intre

208 1900 365 1962 ecclesiam
377 1906 538 1978 patratum.
696 1902 704 1914 '
781 1890 784 1896 ’

248 1991 316 2048 728.
331 2017 371 2034 -·
381 1989 416 2047 ΙΙ.
427 1986 560 2045 Violatur
571 1983 694 2045 ecclesia
707 2000 760 2062 per
774 1978 967 2042 tenetentum
978 1979 1180 2044 uoluntarium

209 2082 238 2136 et
252 2074 450 2152 injuriosum,
464 2072 525 2134 sive
536 2075 583 2132 sul
598 2071 693 2150 ipsius
707 2071 769 2131 sive
783 2069 916 2145 alteriuS,
932 2070 1180 2150 etiamsisanguis

211 2180 271 2223 non
282 2161 452 2223 effundatur
467 2179 475 2222 t
490 2160 529 2220 ita
541 2175 608 2221 cnn.
619 2158 657 2218 Si
671 2166 778 2218 motum
791 2160 840 2234 19,
855 2156 900 2218 Dr
912 2158 1137 2235 Consecr.‚dist.
1152 2165 1180 2221 Ι.

210 2282 249 2296 —-
263 2250 378 2310 Dicitur
397 2249 596 2311 uoluntarium
607 2255 634 2308 et
648 2246 847 2326 injuriosum,
864 2246 935 2326 quia
947 2247 986 2307 ob
1000 2247 1122 2309 casuale
1136 2250 1181 2311 vel

211 2346 366 2418 peractum
385 2337 422 2397 ed
437 2340 483 2398 sut
502 2338 614 2414 iustam
628 2334 853 2407 defensionem,
874 2352 946 2396 eum
960 2334 1061 2396 debito
1075 2337 1182 2400 mode·

211 2427 339 2501 ramme,
355 2445 415 2486 non
427 2425 568 2504 polluitur
577 2422 723 2498 ecclesie;
739 2423 810 2483 item
826 2440 886 2482 non
899 2422 1027 2485 violatur
1036 2423 1076 2486 ob
1088 2423 1182 2488 homi·

211 2514 324 2576 eidium
340 2517 357 2576 a
371 2514 482 2575 furioso
494 2513 539 2574 vel
555 2511 702 2592 apenitirs
715 2509 798 2572 ebrio
808 2512 1051 2592 patratum‚quia
1062 2529 1125 2574 non
1140 2523 1182 2575 est

212 2603 432 2672 voluntarium;
448 2601 609 2661 violaretur
621 2601 744 2660 econtra
757 2617 810 2679 per
819 2599 1029 2661 executionem
1041 2600 1182 2664 malefac-

213 2689 285 2750 toris
305 2690 385 2750 intra
407 2687 586 2760 ecclesiam,
609 2685 663 2748 etsi
683 2704 736 2766 per
751 2685 885 2766 iudicem
903 2687 1096 2767 imperatam,
1112 2692 1183 2770 quia

213 2777 280 2838 talis
296 2778 435 2839 executio
455 2784 533 2837 esset
551 2775 686 2837 eeclesiae
701 2774 868 2858 injuriosa,
890 2775 946 2836 uisi
963 2776 1099 2840 ecclesiae
1113 2797 1183 2859 per·

214 2865 348 2926 turbator
362 2866 448 2927 aliter
462 2864 527 2945 capi
545 2864 694 2944 nequiret.

213 2957 217 2970 '
248 2957 319 3021 799.
334 2995 374 3006 -
384 2958 430 3020 ΙΙΙ,
445 2957 600 3022 Polluitur
611 2959 743 3022 ecclesia
756 2979 811 3042 per
823 2961 1029 3024 voluntarium
1043 2977 1079 3024 oc
1093 2961 1187 3024 illici-

205 3048 710 3127 tomsemtriatumoaieffusionem
724 3049 757 3111 itt
768 3051 993 3130 ttttperactam.
1016 3048 1187 3113 Deducttur

207 3154 244 3199 ex
259 3154 327 3216 cap.
346 3138 446 3211 uuio„
459 3139 501 3199 Dc
516 3147 677 3199 consecrat.
695 3139 809 3214 eccles,
826 3141 859 3199 in
881 3137 925 3200 6⁰.
948 3139 1011 3201 Nec
1038 3135 1133 3201 refert
1146 3158 1183 3200 an

207 3225 342 3305 simplici
359 3225 545 3306 pollutione,
558 3225 605 3286 vel
619 3225 836 3299 fornicatione,
849 3226 1018 3303 adulteri0‚
1032 3237 1106 3302 etc,
1123 3226 1182 3289 hor

207 3315 368 3395 contingat
381 3333 389 3375 :
404 3333 474 3395 cap.
499 3313 694 3396 Sr'pur'fieastt,
715 3316 758 3377 Dc
772 3316 904 3378 adulter.
915 3337 928 3386 ‚·
940 3335 1010 3379 can.
1041 3316 1183 3380 Ecclesiis

207 3399 256 3478 30,
272 3402 474 3478 bedensem„
491 3404 563 3466 dist.
580 3405 607 3466 Ι.

246 3493 492 3555 controvertitur
506 3511 544 3553 an
562 3503 632 3554 actu
645 3492 803 3576 conjugali
819 3493 948 3572 ecclesia
966 3493 1181 3575 pollueretur;

111 3579 114 3585 ’
208 3579 640 3662 tanqunmprobabilioremS
661 3581 1183 3662 Ligoriushabetsenteutiemaffir-

218 3767 221 3772 ·
239 3742 250 3791 l
268 3733 293 3794 Si
308 3752 389 3791 tamen
406 3746 489 3804 crypta
505 3747 570 3790 esset
581 3742 735 3806 singulariter
749 3742 880 3792 benedicta
899 3745 942 3793 auf
967 3748 1036 3794 assat
1057 3744 1127 3794 locus
1142 3759 1184 3796 so-

201 3819 312 3880 pulturae
321 3816 410 3866 violata
419 3819 492 3866 erset
506 3815 564 3865 lide
573 3816 597 3863 S.
613 3815 709 3879 Lignor.
719 3816 773 3878 (lib.
790 3814 814 3876 o,
825 3824 854 3866 ηο
866 3815 934 3880 362).
