2618 4212
199 207 255 270 102
468 207 622 253 usturam
643 205 727 254 runis
748 205 895 253 muomcr.

170 300 179 372 Ῐ
201 325 242 394 acl
260 320 493 393 confessiones,
509 317 577 380 sine
591 317 677 397 gravi
698 315 807 398 aliqua
821 316 982 380 exoritura
997 315 1130 382 infamia
1149 337 1179 382 cr

202 411 365 484 scandalo,
382 407 481 492 possit
495 405 639 487 excipere
651 403 817 468 morientis
831 404 1074 470 contessionem.

179 531 184 558 ⁴
244 516 495 597 ll.Usurpautes
536 521 592 576 aut
635 518 867 596 sequestrantes
897 513 1179 595 iurisdictionem,

206 612 302 684 bona,
318 604 459 669 redditus
478 601 517 665 ad
530 619 682 684 personas
695 600 920 664 ecclesiasticas
936 649 946 678 ,
961 603 1086 666 ratione
1107 621 1180 666 sua-

163 683 173 752 v‘
206 717 276 766 rum
287 692 488 758 ecclesiarum
504 702 559 754 aut
572 690 798 754 beneficiorum
815 690 1014 770 pertinentia.

247 803 296 863 lfi.
321 795 518 867 luvadentes,
529 791 736 868 destruentes,
749 790 936 868 detinentes,
947 810 1001 872 per
1015 809 1049 854 se
1063 791 1113 855 vel
1129 808 1185 874 per

158 917 171 947 a
207 889 297 962 alios,
312 885 466 955 civitates,
477 889 586 954 terras,
602 880 672 944 loca
686 888 742 944 aut
753 880 824 960 jura
835 878 874 942 ad
887 879 1059 942 Ecclesiam
1073 879 1185 942 Roma·

207 995 282 1040 nam
298 969 574 1056 pe1·tinentia;vel
591 973 790 1051 usurpantes,
807 969 1024 1048 pertubautes,
1036 969 1183 1031 retinen·

209 1081 256 1129 tes
266 1077 446 1144 supremam
459 1057 708 1138 jurisdictionem
724 1056 757 1118 in
773 1057 818 1118 eis
833 1077 842 1134 ;
855 1074 978 1119 necnon
999 1056 1040 1119 ad
1055 1055 1184 1138 singula

208 1151 358 1240 praedicta
373 1147 540 1220 auxilium,
556 1145 738 1219 consilium,
755 1143 894 1208 favorem
911 1144 1101 1225 praebentes.

248 1258 275 1322 A
300 1256 417 1340 quibus
446 1253 596 1316 omnibus
610 1251 994 1314 excommunicationibus
1016 1252 1188 1333 bucusque

212 1345 374 1411 recensitis
391 1341 624 1404 absolutionem
644 1341 785 1404 Romano
800 1340 943 1403 Pontifici
959 1357 1018 1420 pro
1041 1347 1187 1420 tempore

215 1433 344 1517 speciali
360 1431 455 1493 modo
477 1438 667 1492 reservatam
686 1447 753 1492 esse
772 1439 803 1491 et
817 1427 965 1492 reservari
983 1447 990 1491 :
1008 1436 1040 1491 et
1066 1445 1127 1510 pro
1150 1447 1187 1490 ea

215 1521 393 1605 generalem
409 1519 645 1582 concessionem
661 1517 844 1581 absolvendi
862 1517 1019 1580 acasibus
1033 1525 1066 1579 et
1077 1535 1188 1580 censu-

214 1613 269 1685 ris,
286 1609 350 1672 sive
374 1605 756 1670 excommunicationibus
775 1607 917 1670 Romano
932 1607 1078 1670 Pontifici
1093 1625 1189 1669 reser-

212 1699 293 1763 vatis
308 1697 398 1760 nullo
410 1705 501 1778 pacto
514 1697 653 1759 sufficere
665 1695 875 1771 declaramus,
888 1695 1039 1759 revocatis
1051 1696 1188 1776 iusuper

215 1785 398 1850 earumdem
422 1795 566 1868 respectu
593 1783 848 1866 quibuscumque
873 1784 1005 1846 indultis
1027 1785 1190 1848 concessis

213 1877 273 1941 sub
285 1875 394 1957 quavis
408 1874 506 1936 forma
516 1881 547 1936 et
557 1873 713 1955 quibusve
729 1874 870 1956 personis
879 1874 974 1935 etiam
984 1873 1189 1950 regularibus

212 1967 441 2048 cujuscumque
455 1962 590 2037 Ordinis,
607 1963 873 2044 congregationis,
889 1962 1052 2026 societatis
1067 1971 1098 2025 et
1115 1963 1187 2025 lns·

214 2053 310 2130 tituti,
324 2053 417 2114 etiam
435 2051 562 2133 speciali
579 2051 738 2114 mentione
749 2051 852 2130 dignis
863 2058 893 2114 et
906 2051 938 2113 in
953 2051 1065 2131 quavis
1079 2049 1188 2132 digni·
1294 2047 1295 2078 ³

215 2151 278 2204 tate
305 2141 494 2204 constitutis.
526 2139 696 2204 Absolvere
730 2149 835 2203 autem
862 2147 1087 2221 presumentes
1117 2141 1188 2202 sine

214 2230 319 2292 debita
334 2229 493 2302 facultate,
510 2230 604 2290 etium
620 2230 733 2310 quovis
747 2231 910 2311 praetextu,
927 2229 1190 2296 excummunica-

216 2318 309 2380 tionis
323 2317 451 2379 vinculo
465 2317 605 2380 Romano
621 2318 761 2380 Pontifici
780 2325 942 2381 reservatas
965 2317 1137 2382 innodatos
1157 2336 1191 2381 se

215 2408 326 2480 sciant,
343 2404 517 2468 dummodo
532 2423 595 2468 non
612 2415 723 2486 agatur
737 2406 775 2469 de
792 2407 902 2470 mortis
915 2407 1061 2482 articulo,
1077 2407 1109 2469 in
1125 2426 1191 2489 quo

215 2503 319 2558 tamen
337 2496 427 2556 firma
440 2495 480 2556 sit
493 2495 599 2576 quoad
622 2495 783 2559 absolutos
797 2495 948 2576 obligatio
970 2496 1075 2558 standi
1093 2515 1190 2558 man·

215 2585 297 2647 datis
312 2583 467 2660 Ecclesiae,
483 2585 508 2645 si
520 2585 751 2647 convaluerint.
768 2585 803 2648 V.
823 2584 917 2663 intra,
934 2605 964 2667 p.
980 2585 1053 2651 688.
1292 2579 1293 2590 ’

253 2777 580 2854 Ercnnnnnniratt'ottes
600 2791 832 2856 interserantur
855 2791 985 2857 Romano
1004 2793 1152 2877 Pontifici

619 2905 784 2958 reservatos.

254 3060 580 3124 Excommunicationi
601 3061 673 3125 latae
688 3066 852 3130 sententiae
872 3065 1015 3128 Romano
1042 3065 1191 3129 Pontifici

214 3154 380 3214 reservatae
393 3147 555 3232 subjacere
569 3150 768 3215 declaramus
784 3173 792 3216 t

254 3255 283 3314 l.
307 3250 459 3315 Ducentos
472 3253 521 3316 vel
536 3252 755 3328 defendentes,
773 3257 838 3319 sive
858 3255 986 3338 publice
1001 3257 1069 3320 sive
1081 3259 1190 3340 priva·

216 3341 283 3412 tim,
310 3343 542 3420 propositiones
564 3343 604 3406 ab
625 3346 805 3426 Apostolica
829 3344 909 3408 Sede
931 3344 1100 3409 damnatas
1129 3347 1191 3410 sub

214 3431 553 3494 excommunicationis
573 3451 665 3512 poena
680 3434 752 3498 latae
775 3435 954 3512 seutentiae;
974 3435 1050 3497 item
1071 3435 1189 3500 doeen-
1288 3437 1289 3474 l

216 3527 261 3581 tes
275 3517 323 3580 rel
341 3517 543 3584 defendentes
564 3529 715 3605 tanquam
731 3524 849 3587 licitam
864 3524 987 3605 praxim
1005 3525 1189 3605 inquirendi

216 3625 234 3669 a
257 3606 430 3688 poenitente
450 3627 565 3673 nomen
588 3613 763 3693 complicis,
792 3615 896 3694 prouti
923 3613 1073 3676 damnata
1095 3623 1144 3676 cst
1172 3616 1188 3677 fi
1287 3651 1288 3654 =

215 3694 382 3762 Benedicto
400 3697 478 3774 XIV,
505 3699 537 3761 in
560 3700 666 3766 Const.
683 3701 841 3780 Suprema,
867 3710 884 3764 7
905 3703 977 3782 iulii
1001 3707 1102 3766 illd:
1128 3703 1188 3768 ctu
