2552 4204
213 285 272 353 i2'2
486 304 637 352 ruuurura
656 307 738 352 runis
758 305 906 382 munster.

211 411 308 472 menti
327 411 441 474 ordinis
458 431 465 473 :
482 416 630 492 repugnat
643 409 728 471 enim
746 408 827 490 qubd
847 425 1011 488 suspensus
1033 407 1073 470 ab
1087 406 1190 471 ordine

210 501 383 577 promoveri
408 495 502 563 valeat
521 499 559 560 ad
580 497 702 560 ordines
722 498 892 578 superiores
909 510 1102 578 :suspensus
1126 495 1190 577 qui·

214 587 283 648 dem
298 589 336 649 ab
351 588 457 651 ordine
477 586 624 668 superiori
645 593 766 648 nonest
787 585 854 647 ideo
876 603 1027 665 supensus
1050 585 1091 646 ab
1115 583 1191 645 iule-

210 675 297 750 riori‚
309 677 361 738 sed
373 693 539 759 suspensus
547 675 586 737 ab
599 673 741 737 interiore
750 683 794 736 est
809 672 905 736 multo
920 673 1016 754 magis
1025 689 1191 756 suspensus

212 764 231 824 b
243 765 410 846 superiore.

253 861 418 944 Suspensio
431 862 469 924 cb
480 861 571 942 officio
585 860 710 941 intelligi
725 865 823 942 potest
837 859 989 937 absolute,
1005 865 1036 922 et
1050 859 1095 922 sic
1107 877 1190 923 coru—

209 950 372 1030 ·prehendit
392 969 484 1014 omne
504 949 680 1012 exercitium
706 950 859 1030 potestatis
880 949 1104 1026 ecclesiastioae,
1131 950 1191 1012 siue

212 1040 327 1101 ratione
347 1040 478 1115 ordinis,
502 1039 563 1100 sive
586 1037 702 1100 ratione
722 1036 954 1118 iurisdictionis3
980 1041 1080 1116 potest
1100 1037 1189 1100 etiarn

207 1126 336 1208 intelligi
351 1128 389 1190 de
403 1129 465 1190 solt
477 1125 705 1206 iurisdictione,
720 1132 772 1188 aut
792 1126 882 1187 etiam
897 1124 936 1188 de
950 1125 1083 1206 quidam
1109 1133 1188 1208 parte

209 1215 445 1294 jurisdictionis,
467 1217 513 1277 vel
535 1213 799 1277 defunctionibus
822 1232 891 1294 quae
908 1214 1087 1278 exercitium
1107 1215 1186 1277 ordi-

205 1321 286 1364 num
306 1323 367 1365 non
387 1305 555 1387 requirunt.
573 1305 730 1375 Quantitas
750 1307 853 1365 autem
872 1309 902 1364 et
915 1303 1044 1383 qualitas
1057 1322 1185 1384 suspeu-

195 1392 302 1454 .siouis
316 1393 415 1473 colligi
431 1392 544 1454 debent
557 1411 595 1454 ex
616 1391 713 1454 verbis
728 1391 839 1472 quibus
857 1390 965 1466 lentur,
978 1409 1066 1473 quae‚
1084 1400 1185 1474 utpote

209 1480 242 1542 in
261 1500 293 1543 re
312 1481 433 1559 odiost,
450 1500 512 1543 non
526 1481 656 1563 amplius
670 1486 740 1544 suut
754 1479 941 1542 extendenda
956 1482 1050 1560 quarn
1065 1483 1184 1564 proprie

201 1579 327 1634 sonant.

249 1669 414 1748 Suspensio
438 1670 455 1730 l
478 1668 542 1731 solo
564 1665 731 1742 beneficio,
756 1665 851 1746 privat
873 1665 993 1728 tautirm
1017 1665 1182 1731 redditibus

202 1755 368 1819 beneficii:
385 1757 439 1820 sed
459 1758 495 1819 iis
518 1757 613 1838 privat
635 1755 666 1817 in
684 1754 868 1817 couscientia
887 1760 956 1818 ante
976 1772 1106 1818 omnem
1119 1775 1182 1818 sen·

207 1846 330 1907 tentiam
348 1865 433 1908 :non
454 1847 550 1927 privat
570 1863 642 1926 ergo
659 1843 864 1906 lunationibus
877 1843 1007 1920 ordinis,
1025 1851 1078 1907 aut
1098 1863 1180 1926 euer-
1262 1851 1263 1886 i

198 1933 277 1996 citio
286 1933 513 2013 jurisdictionis.
523 1936 584 1996 Nec
594 1933 630 1996 iis
642 1951 710 2013 quae
722 1931 900 2012 proveniunt
909 1950 947 1994 ex
957 1932 1177 2012 anniversariis,

200 2040 263 2084 nec
277 2021 431 2103 stipendiis
447 2023 623 2097 missarum,
640 2039 697 2082 nec
711 2020 747 2082 iis
761 2039 829 2101 quae
850 2019 958 2082 dantur
976 2029 1102 2103 propter
1115 2041 1177 2086 ser·

206 2109 309 2172 vitium
324 2111 496 2190 personale,
513 2128 569 2172 nec
581 2108 777 2190 pensionibus
789 2108 1008 2172 ecclesiasticis.

244 2217 414 2297 Suspensus
428 2217 604 2298 simpliciter
620 2235 673 2278 seu
688 2215 780 2276 modo
800 2215 938 2278 absoluto
952 2226 1097 2281 censetur
1109 2238 1175 2282 sus-

204 2322 316 2384 pensus
329 2307 367 2366 ab
381 2306 479 2369 ollicio
492 2313 522 2368 et
535 2305 694 2368 beneficio.
712 2306 882 2384 Suspensus
896 2305 933 2364 ab
945 2305 1052 2368 ordine
1064 2308 1176 2390 simpli-

192 2393 291 2470 citer,
305 2404 444 2459 censetur
456 2413 620 2477 suspensus
634 2393 672 2455 ab
684 2393 768 2454 omui
782 2392 904 2468 ordine;
923 2393 998 2456 sicut
1011 2413 1175 2476 suspensus

194 2483 220 2542 a
244 2481 391 2546 beneficio
409 2502 573 2566 suspensus
592 2488 731 2545 censetur
753 2481 792 2543 ab
814 2481 899 2542 omni
925 2481 1090 2560 beneficio,
1120 2488 1172 2548 nisi
1260 2493 1261 2502 ’

193 2570 282 2632 eliud
294 2581 421 2636 constet.

240 2679 411 2760 Suspensus
424 2681 462 2742 ab
476 2677 574 2742 officio
588 2677 764 2759 simpliciter
778 2695 839 2739 non
854 2678 1031 2760 intelligitur
1044 2701 1172 2764 suspen·

192 2782 251 2828 uus
262 2768 280 2828 a
292 2767 454 2844 beneficio,
470 2787 524 2831 seu
538 2766 685 2831 fructibus
697 2769 762 2847 ejus
777 2786 785 2827 ε
801 2767 889 2829 debet
900 2771 1002 2829 tamen
1015 2789 1070 2850 per
1081 2774 1172 2835 alium
1259 2839 1260 2844 ,

199 2856 339 2936 supplere
352 2857 434 2938 quod
447 2875 501 2939 per
515 2876 547 2920 se
565 2857 662 2919 lacere
683 2856 804 2936 nequit,
823 2862 856 2917 ut
871 2855 987 2920 fruetus
1000 2862 1169 2943 percipiat:
1259 2847 1260 2870 ἶ

191 2942 236 3003 ita
251 2945 469 3016 communiter,
495 2964 532 3006 ex
546 2963 612 3025 cap.
632 2943 717 3005 Inter
737 2947 784 3019 td,
801 2943 845 3006 De
862 2955 989 3027 purput.
1011 2965 1117 3014 conon.
1134 2987 1170 2998 -

192 3031 307 3112 Excipe
329 3038 358 3094 l⁰
375 3033 431 3093 nisi
446 3033 562 3094 crimen
580 3033 617 3093 sit
631 3050 756 3094 enorme
774 3031 852 3114 (cap.
868 3033 967 3117 eod.);
980 3041 1012 3097 l·
1029 3037 1087 3100 nisi
1102 3059 1170 3118 reus

195 3119 378 3183 insorduerit
393 3139 445 3200 per
465 3139 581 3182 aunum
605 3121 636 3181 in
655 3124 802 3196 censuit,
822 3129 855 3184 ut
870 3121 996 3187 habetur
1009 3144 1078 3207 cap.
1098 3122 1169 3194 Curi
1258 3137 1259 3148 ¹

193 3207 293 3279 bone,
311 3209 355 3269 De
363 3217 450 3271 oetcte
459 3217 489 3270 et
497 3209 652 3292 qualitat,
667 3215 726 3274 etc.

232 3315 308 3374 item
318 3333 482 3397 suspensus
491 3316 529 3377 ab
541 3317 647 3378 ordine
661 3335 723 3378 non
738 3323 782 3378 est
795 3335 961 3399 suspensus
975 3321 991 3382 a
1006 3321 1164 3403 beneficio,

185 3401 264 3464 clam
285 3404 376 3464 etiam
397 3404 579 3468 beneficium
603 3424 664 3467 non
684 3404 827 3468 fundatur
846 3407 876 3467 in
891 3406 1016 3486 ordine;
1033 3418 1164 3480 attamen
1257 3451 1258 3468 κ

192 3489 337 3553 indirecte
360 3493 554 3575 suspenditur
575 3495 613 3556 ab
635 3494 701 3574 ejus
721 3493 884 3572 fructibus,
909 3497 980 3578 quia
1003 3499 1078 3564 dum
1103 3523 1164 3568 non

191 3585 292 3678 potest
312 3581 439 3665 implere
462 3583 615 3661 officium,
642 3602 698 3646 nec
720 3583 811 3645 etiarn
834 3584 949 3650 lructus
971 3595 1069 3672 potest
1092 3612 1165 3680 perai

173 3685 300 3750 cipere.

229 3775 307 3838 Nota
318 3779 400 3861 qudd
415 3781 629 3862 suspensiones
639 3783 659 3842 b
665 3781 734 3854 jure
746 3779 812 3842 latae
826 3785 984 3864 nunquam
998 3769 1160 3871 Episcopus
