2574 4198
467 281 628 370 'etenum
648 326 731 372 rums
751 325 898 372 ennomus.
1137 383 1140 386 ,

207 447 224 488 a
242 425 338 492 teneri
360 426 529 508 exprimere
550 425 695 487 delictum
711 427 745 488 et
759 444 882 488 causam
901 430 1110 512 suspensionis
1123 430 1175 510 ipsi

192 538 223 576 -·‹
242 535 308 593 reo,
331 517 384 579 sed
398 517 515 578 tantdm
530 515 599 577 Sedi
616 514 816 596 spostolicae,
833 515 869 576 ad
891 536 982 598 quam
996 517 1068 580 reus
1082 534 1177 582 recul-
1195 555 1198 561 ·

190 609 223 664 -a
242 623 310 668 sum
326 605 473 668 habuerit.
489 625 504 664 u
520 605 585 681 (Die
599 607 635 666 al
652 602 750 664 martii
764 603 868 685 lent.)

243 694 308 757 Sub
321 695 372 757 die
385 695 458 756 verd
472 695 507 755 al
523 711 589 774 apr.
608 695 698 766 l668,
719 691 750 752 S.
767 692 876 771 Gongr.
894 693 937 754 sic
951 695 1111 769 respondit
1123 699 1181 757 dr·

184 781 394 864 -chiepiscopo
416 782 557 844 Remensi
580 799 588 842 ε
615 802 630 840 a
654 781 731 842 (lum
765 779 866 842 nullus
892 781 1025 844 ordinari
1051 783 1179 860 debeat,

185 890 334 952 ,siquem
357 871 523 952 Episcopus
537 889 600 934 suae
614 869 756 931 Ecclesiae
775 869 881 930 utilem
902 879 953 932 aut
975 873 1180 936 necessarium

201 979 215 1014 n
244 979 304 1022 non
319 959 508 1040 judicaverit,
532 957 730 1040 congregatio
751 976 814 1018 non
840 959 933 1020 semel
955 959 1121 1022 declaravit
1145 961 1182 1024 ab

193 1070 220 1106 vu
243 1048 416 1127 hujusmodi
429 1047 544 1127 judicio
555 1049 669 1110 nullam
684 1045 746 1107 dari
759 1047 1004 1128 appellationem,
1016 1051 1069 1112 sed
1082 1070 1181 1113 recur-

205 1159 221 1197 α
243 1153 312 1199 sum
331 1137 475 1200 duntaxat
489 1137 525 1198 ad
541 1137 649 1199 Sedem
673 1136 884 1216 Apostolicam.
903 1137 1073 1218 Quuejuxta
1088 1141 1181 1222 ipsius

205 1248 220 1284 n
244 1226 354 1307 Congr.
381 1225 558 1288 sententiam
579 1244 632 1304 per
646 1227 825 1305 Gregorium
840 1229 943 1288 Xlll...
966 1228 1179 1308 approbatam,

206 1333 221 1374 a
242 1315 494 1395 quotiescumque
509 1315 684 1376 Ordinarius
697 1316 876 1376 recusaverit
891 1333 1120 1397 quemcumque
1133 1337 1179 1380 or-

207 1423 222 1462 «
242 1403 358 1480 dinone,
374 1403 603 1482 Metropolitano
615 1410 666 1464 aut
677 1403 812 1464 viciniori
831 1405 981 1484 Episcopo
994 1405 1179 1484 committit,

207 1508 223 1550 a
243 1498 277 1554 ut
299 1491 457 1556 abeodem
473 1491 631 1554 Ordinario
651 1491 733 1571 prius
754 1491 887 1570 requirat
906 1510 1029 1554 causam
1056 1512 1178 1557 recusa·

107 1631 109 1634 ,
206 1599 222 1639 ι
242 1579 333 1643 tionis
350 1600 434 1662 :quo
455 1581 618 1661 legitimam
642 1597 702 1640 non
718 1579 878 1660 allegante,
894 1579 962 1641 licet
976 1580 1019 1642 illi
1033 1583 1179 1646 eumdem

207 1681 225 1729 n
241 1677 414 1732 recusatum
429 1670 581 1731 ordinare.
598 1689 612 1728 r

219 1773 222 1780 ·
242 1761 338 1821 Causa
352 1760 394 1821 ab'
403 1759 563 1840 ordinario
582 1757 708 1836 allegata
730 1777 792 1820 non
815 1763 894 1820 esset
918 1757 1073 1838 legitimo,
1096 1761 1177 1839 Juxta

201 1847 347 1910 Stremler
370 1847 441 1928 (Des
458 1849 559 1928 pernes
578 1846 750 1922 ecclesiast,
765 1866 796 1927 p.
814 1849 882 1923 339)
897 1847 921 1907 si
943 1847 1067 1909 ordines
1081 1849 1176 1912 dene-

201 1945 344 2017 garentur
358 1937 386 1998 ei
401 1937 454 2016 qui
468 1937 530 1998 vult
544 1935 665 1996 educari
676 1936 707 1996 in
725 1935 888 1998 seminario
902 1935 1173 2015 extradioecesam,

186 2025 247 2086 'vel
262 2026 313 2105 qui
338 2043 399 2086 non
419 2024 482 2085 vult
503 2024 677 2104 promittere
698 2043 731 2086 se
753 2029 856 2105 postea
879 2031 1066 2086 servaturum
1087 2027 1174 2090 vitam

201 2131 398 2176 communem
413 2130 485 2175 cum
505 2131 560 2173 suo
584 2112 725 2192 parocho.
743 2113 774 2174 Si
796 2119 897 2174 autem
917 2113 1083 2192 legitimam
1105 2115 1174 2178 alle-

202 2209 285 2282 garet
296 2219 431 2278 oausam,
447 2201 485 2262 de
498 2203 558 2280 qut
575 2206 676 2262 certus
693 2201 815 2280 quidem
831 2207 911 2262 esset
922 2201 1108 2282 Episcopus,
1124 2205 1173 2267 sed

201 2309 292 2370 quam
304 2307 365 2351 non
376 2296 477 2370 posset
490 2288 673 2351 sufficienter
686 2291 814 2370 probare
829 2293 927 2352 Sacrae
942 2289 1173 2372 Congregationi

201 2378 246 2441 vel
260 2380 318 2441 alio
332 2379 370 2442 ab
389 2381 454 2460 ipset
468 2379 630 2460 deputato,
646 2387 786 2459 possetne
798 2383 871 2440 tunc
883 2378 926 2440 sic
940 2381 1079 2459 repulsus
1093 2382 1174 2444 ordi·

200 2468 280 2544 nari,
297 2474 326 2531 et
338 2475 530 2531 tenereturne
552 2469 719 2547 Episcopus
742 2467 828 2529 illum
846 2467 1019 2530 ordinatum
1041 2468 1174 2532 insuam

199 2557 356 2620 dioecesim
370 2557 532 2620 adhiberet
549 2557 611 2618 Dici
624 2573 711 2637 posse
725 2556 842 2618 uidetur
860 2556 942 2636 qudd
962 2557 1068 2618 saltem
1084 2559 1174 2640 Epis'-

199 2663 295 2728 copus
313 2647 351 2708 ad
372 2647 403 2708 id
420 2665 483 2707 non
505 2653 641 2708 teneatur
653 2664 712 2707 nec
735 2646 821 2706 illunr
844 2645 951 2706 debeat
973 2645 1117 2708 adhibere
1137 2649 1174 2711 ad

200 2753 318 2798 sacrum
337 2735 538 2796 ministerium
560 2735 616 2795 nisi
637 2732 819 2796 beneficium
837 2735 868 2794 iu
884 2737 939 2796 sua
953 2733 1075 2796 dioecesi
1092 2736 1172 2799 obti-

221 2825 332 2901 uisset3
347 2824 480 2905 alioquin
500 2823 655 2904 quomodo
675 2841 779 2884 verum
801 2827 880 2884 esset
901 2822 982 2903 qudd
1005 2825 1173 2907 Episcopus

221 2915 314 2977 ullum
325 2914 466 2975 ordinare
478 2912 588 2974 debeat
598 2929 684 2992 quem
697 2929 758 2974 suoe
772 2907 805 2971 E
805 2910 917 2973 cclesioe
937 2915 1134 2976 necessarium
1147 2929 1172 2977 et

199 3003 301 3066 utilem
315 3022 373 3064 noa
379 3001 563 3084 judicaverit
577 3000 683 3078 (Trid,
705 3019 778 3062 sess.
791 3003 841 3075 23,
857 3019 884 3060 c.
903 3000 978 3083 l6)?
991 3001 1086 3064 Estne
1099 3004 1173 3066 obli-

199 3098 283 3174 gatus
304 3091 341 3154 ad
363 3088 604 3171 promovendum
619 3106 689 3150 eum
710 3106 802 3170 quem
825 3088 909 3150 certd
924 3089 978 3151 scit
992 3088 1170 3171 indignum,

197 3181 234 3244 el
254 3179 337 3262 quod
352 3178 479 3260 probare
494 3196 556 3238 non
572 3177 666 3258 possit
679 3195 750 3240 eum
764 3195 829 3239 esse
847 3177 965 3239 telem?
987 3180 1031 3240 Re
1045 3181 1171 3260 quidem

196 3271 267 3332 veri
277 3267 466 3330 anteConoil.
477 3265 558 3328 Trid.
568 3285 604 3328 ex
614 3267 739 3328 Decrelo
749 3265 912 3328 Alexandri
924 3267 959 3328 lll
972 3264 1026 3327 Ec
1033 3275 1169 3348 teneret,

195 3359 240 3421 tit.
266 3361 315 3431 ll,
342 3355 395 3417 lib.
420 3358 536 3418 Decret.
559 3373 619 3415 non
643 3361 757 3435 poterut
780 3354 908 3416 clericus
930 3355 1031 3436 aliqud
1053 3359 1167 3424 rationu

194 3445 350 3529 prol-ileu·
362 3443 400 3506 ad
422 3443 649 3507 ascendendum
663 3443 701 3504 ad
722 3444 893 3524 superiores
910 3444 1032 3505 ordines
1046 3455 1169 3527 propter

196 3542 298 3617 peccat
300 3553 352 3597 um
368 3535 531 3609 occultum,
547 3533 571 3594 si
587 3533 622 3594 ad
638 3551 690 3594 eos
703 3532 874 3613 promoveri
886 3533 1018 3608 volebat,
1035 3535 1087 3595 sed
1103 3536 1169 3601 haec

196 3625 355 3688 Decretalis
369 3642 431 3685 non
451 3624 523 3684 dicit
543 3622 624 3703 qudd
639 3620 831 3704 Episcopus'
825 3639 888 3702 lpse
909 3627 1061 3684 teneretur
1075 3625 1166 3688 talem

194 3731 369 3794 promerere
380 3732 435 3793 pro
445 3715 498 3774 sut
508 3711 640 3785 droeeesr
652 3709 699 3772 vel
708 3710 789 3792 qudd
798 3709 874 3772 allus
885 3727 1063 3792 promouere
1075 3715 1167 3794 possit

195 3821 248 3923 pro
262 3807 308 3876 ea
325 3803 389 3884 ipso
404 3802 507 3862 inuito
