2604 4196
180 301 183 308 -
216 267 276 328 524
445 247 446 250 ¹
494 275 646 320 aseneum
668 261 757 318 arinis
770 271 918 318 canonica.

180 373 185 386 ²
216 375 305 436 etiam
323 371 361 434 ad
380 372 494 446 media,
511 371 602 433 modd
620 371 696 433 alsait
711 371 879 451 periculum
897 371 1027 453 propriae
1044 371 1194 438 infamiae.

222 461 291 522 Vide
305 463 336 524 S.
352 459 488 539 Lignor„
502 460 554 521 lib.
578 464 608 532 6,
627 469 660 520 n⁰
671 463 740 534 699,
755 459 807 538 qui
821 459 964 521 advertit:
985 481 1000 519 a
1017 461 1084 520 Non
1097 479 1198 540 expe-

222 573 236 610 κ
256 550 320 612 dire
330 550 410 632 qudd
426 549 627 612 confessarius
641 556 772 610 assumat
783 549 814 609 in
828 567 860 611 sa
872 548 930 611 hoc
943 567 1021 611 onus
1035 547 1197 612 deferendi

223 661 236 697 r
256 639 516 702 denuntiationem
536 638 600 699 vice
624 637 816 718 poenitentis,
843 639 888 698 vel
910 656 978 700 eam
998 637 1194 718 excipiendi·

223 752 236 786 a
257 733 327 810 quia
349 729 392 791 sic
412 748 473 790 non
489 728 592 808 paucis
607 726 843 788 detractionibus
857 733 888 788 ct
902 727 1044 808 periculis
1061 745 1199 808 expone·

221 841 237 876 a
256 828 357 894 retur;
382 824 413 880 et
433 819 516 879 tantd
535 817 637 877 ntiuus
651 815 728 876 adid
743 819 899 877 tenetur...
915 817 1063 878 Caeterlrm
1081 817 1195 896 (pergit

222 929 237 964 «
256 907 350 988 idem)
369 925 430 968 non
446 923 629 986 negamus...
651 903 732 984 qudd
752 905 783 964 in
801 905 902 984 aliquo
916 923 988 967 casu
1004 904 1087 985 (puta
1101 901 1127 965 si
1141 906 1195 966 ali·

223 1017 238 1054 a
258 997 326 1057 cubi
348 995 504 1076 publicum
523 993 696 1054 immineret
722 993 885 1068 damnum,
912 1012 968 1054 nec
995 994 1051 1054 alia
1076 999 1194 1072 pateret

223 1104 238 1140 a
257 1084 304 1144 via
319 1085 356 1144 ad
378 1084 449 1144 illud
469 1080 650 1161 vitandum),
669 1087 769 1161 posset
790 1079 990 1142 confessarius
1008 1081 1134 1161 obligari
1154 1101 1193 1142 ex

223 1171 322 1250 alege
345 1170 495 1232 eharitatis
516 1171 553 1231 ad
573 1169 746 1250 hujusmodi
766 1187 843 1230 onus
869 1169 1115 1250 suscipiendurn3
1137 1170 1192 1231 sed

223 1280 237 1318 a
257 1259 315 1321 hoc
329 1261 397 1322 rard
412 1259 530 1322 accidit.

263 1369 278 1406 a
344 1351 419 1410 ltem
435 1355 515 1410 notat
531 1349 640 1408 lllaazot
654 1347 748 1427 quiid,
765 1347 795 1407 in
810 1349 936 1408 Decreto
950 1349 1048 1408 Sacrae
1061 1348 1192 1426 Inquisi-

223 1458 238 1495 a
257 1437 347 1498 tionis
362 1435 448 1516 (ibid.
470 1437 586 1511 citato),
602 1436 725 1514 insuper
748 1433 862 1496 dictum
877 1435 914 1496 sit
928 1435 1028 1516 quod,
1049 1437 1072 1496 si
1088 1454 1190 1517 neque

223 1546 238 1584 a
257 1526 337 1606 apud
364 1527 464 1606 ipsum
487 1525 703 1586 confessarium
732 1523 825 1605 possit
848 1525 995 1604 poenitens
1022 1524 1130 1586 adduci
1149 1525 1188 1586 ad

222 1634 237 1672 ι
257 1613 509 1689 denuntiandum,
521 1617 595 1674 tunc
608 1619 779 1673 recurratur
793 1611 830 1672 ad
844 1613 874 1674 S.
891 1612 1000 1688 sedem
1010 1631 1064 1692 pro
1075 1628 1187 1693 oppor-

222 1724 237 1760 «
256 1701 717 1778 tunoremedio,etinterimnon
728 1699 935 1762 absolvatur.»
953 1701 1058 1762 Omnis
1066 1699 1185 1764 denun-

217 1791 300 1852 tiatio
313 1809 464 1873 anonyma
473 1797 506 1854 ut
519 1791 592 1862 falsa
605 1794 650 1851 cst
659 1789 824 1870 reputanda
836 1795 865 1850 et
874 1788 1007 1851 iubendo
1021 1799 1053 1850 ut
1063 1791 1183 1870 infecto.

257 1884 325 1941 697.
350 1882 398 1941 Sic
413 1887 512 1942 autem
527 1878 688 1958 procedere
698 1877 788 1938 debet
800 1879 983 1959 Episcopus:
997 1897 1098 1940 coram
1112 1880 1186 1943 duo

218 1967 273 2028 bus
292 1967 512 2038 ecelesiasticis,
536 1985 666 2046 quorum
685 1985 765 2027 unus
784 1967 939 2028 Secretarii
955 1985 1066 2029 munus
1080 1969 1143 2030 obit
1156 1977 1185 2032 et

218 2063 281 2118 acta
302 2056 404 2116 omnia
427 2056 537 2135 scripto
559 2054 666 2130 refert,
685 2055 793 2134 excipit
815 2056 943 2116 litteram
962 2057 978 2116 lt
1002 2057 1185 2121 confessario

217 2144 346 2220 allatam,
359 2145 405 2206 vel
416 2163 519 2226 preces
531 2144 594 2204 vira
604 2161 675 2204 voce
689 2143 780 2204 factas
791 2145 914 2206 nornine
927 2145 1183 2208 mulierisdenun-

216 2232 314 2294 tiantis
324 2254 330 2292 :
342 2233 450 2294 deinde
460 2233 559 2294 eidem
567 2231 748 2294 confessario
757 2233 916 2294 corttmittit
929 2240 971 2307 ut,
985 2233 1051 2295 loco
1065 2236 1181 2308 notarii,

216 2322 343 2392 excipiat
365 2322 625 2383 denuntiationem
642 2320 802 2396 juridicam
822 2341 883 2382 suae
903 2321 1090 2398 poenitentis3
1106 2343 1181 2385 eon-

213 2394 359 2454 lessarius
382 2393 441 2454 sub
462 2401 642 2471 juramento
672 2401 823 2472 promittit
849 2413 880 2455 se
905 2397 1040 2460 fideliter
1065 2417 1181 2464 munus

213 2501 305 2544 suum
320 2499 386 2543 esse
402 2481 607 2560 impleturum
623 2489 653 2542 et
668 2491 822 2544 secretum
834 2502 899 2546 esse
912 2497 1109 2549 servaturum
1122 2491 1181 2554 sub

118 2637 119 2640 Ἴ
213 2573 306 2652 poena
330 2569 665 2631 excommunicationis
687 2571 758 2632 latae
779 2574 937 2636 sententiaa
958 2573 1029 2638 Sedi
1044 2577 1179 2658 Aposto-

213 2661 279 2721 licaa
299 2666 479 2734 reservatam
497 2664 573 2718 tunc
596 2659 653 2718 iste
673 2659 738 2720 adit
758 2661 983 2739 poenitentem‚
1002 2675 1032 2726 et
1054 2678 1178 2749 accepto

211 2750 309 2832 ipsius
321 2749 510 2826 juramento,
527 2745 593 2826 ejus
608 2745 881 2811 denuntiationem
903 2753 1073 2834 juridicam
1095 2760 1177 2821 exci-

211 2843 256 2924 pit
270 2839 346 2901 etin
362 2834 484 2918 scriptis
500 2835 622 2914 redigit.
646 2836 776 2900 Sublata
792 2838 917 2902 videtur
938 2861 1092 2906 excomm.
1111 2865 1128 2908 a
1142 2846 1173 2912 G.

211 2929 351 2997 naeu.

220 2953 262 3078 ‘pr
279 3039 412 3079 tue-assus
426 3020 533 3079 eontici
549 3017 636 3075 delict
652 3025 689 3074 ao
705 3003 882 3094 inquisitore
895 3034 941 3076 rer
955 3030 992 3076 au
1007 3017 1174 3096 Ordiuario,

214 3125 274 3167 non
297 3108 386 3167 modo
405 3113 567 3179 consueto,
596 3103 647 3165 sed
672 3122 708 3163 eo
730 3122 791 3182 quo
814 3103 891 3165 nunt
914 3122 1072 3184 processus
1097 3107 1174 3187 apud

213 3199 244 3258 S.
267 3196 423 3269 Officium;
442 3204 472 3257 et
490 3197 513 3256 si
536 3193 632 3256 adsint
649 3192 764 3252 tantlnn
779 3199 870 3254 testes
888 3193 1070 3274 singulares,
1086 3197 1174 3258 etiam
1273 3203 1274 3214 ¹

213 3304 283 3348 cum
299 3285 489 3347 adminiculis
502 3294 529 3346 et
543 3282 678 3355 indiciis,
696 3299 793 3362 poenae
809 3300 870 3342 non
885 3289 956 3343 sunt
969 3283 1172 3363 imponendae,

212 3376 265 3437 sed
281 3395 327 3436 res
339 3377 452 3454 integra
464 3383 493 3435 et
505 3374 607 3434 omnia
621 3379 685 3432 acta
701 3373 858 3450 processus
871 3371 1096 3434 transmittenda
1108 3382 1174 3436 suut

212 3464 249 3526 ad
270 3463 412 3526 Tribunal
432 3465 530 3524 Sacrae
548 3469 577 3524 et
597 3459 772 3522 universalis
791 3459 994 3539 Inquisitionis
1012 3463 1171 3536 Ronlanum

119 3583 122 3589 ·
212 3561 311 3634 posset
331 3561 432 3614 tanton
452 3551 617 3632 Episcopus
631 3547 848 3610 contessarium
867 3566 945 3628 saepe
967 3549 1171 3612 sollicitantem

212 3643 229 3702 a
243 3641 430 3703 confessione
448 3640 630 3720 suspendere
649 3658 686 3700 ex
700 3638 858 3698 informati
874 3637 1070 3713 conscientia,
1085 3639 1172 3702 modd

212 3732 250 3794 de
269 3729 435 3810 frequentis
452 3727 667 3790 sollicitationis
685 3725 861 3787 certioratus
882 3733 959 3786 esset
979 3745 1014 3786 ex
1037 3726 1171 3804 pluribus

210 3818 495 3880 denuntiationibus,
1196 3825 1200 3832 ’
