2552 4204
179 261 237 320 698
449 272 599 316 ruuunnra
620 271 703 316 runis
723 269 872 316 canorum.

219 371 372 432 &enitentia
395 388 553 432 censuram
579 371 720 452 infligens
743 370 812 432 lerri
842 369 933 432 debet
957 371 1065 434 diebus
1090 389 1155 434 non

180 460 289 522 feriatis
304 459 382 537 (cap.
397 458 497 533 finale,
513 459 557 522 De
568 461 677 538 Feriis)
692 459 848 539 :alioquin
864 479 925 520 non
941 459 1072 522 invalida
1084 463 1155 542 qui-

179 549 260 624 dem,
276 547 328 608 sed
344 547 444 609 illicita
458 549 523 610 erit.
541 549 695 630 Excipitur
706 567 794 610 casus
809 567 870 630 quo
884 549 1078 610 contumacia
1092 553 1156 612 tam

180 644 254 699 esset
275 636 398 697 elidens
416 643 448 698 ut
466 637 638 716 cognitione
660 655 758 700 causae
779 642 976 716 nonegere13
1002 655 1091 698 secus
1113 643 1156 698 est

187 724 216 786 le
233 724 397 785 monitione
408 743 475 804 rruao
491 723 553 786 lieri
564 725 638 786 solet
653 726 743 788 ctiam
758 723 865 786 diebus
876 723 998 796 feriatis,
1015 724 1041 786 si
1056 743 1158 787 causae

188 813 311 888 cognitio
326 813 485 892 pracedat,
501 831 561 874 non
577 813 647 875 rerd
660 813 683 874 si
696 815 760 875 hac
771 813 903 893 cognitio
914 831 975 874 uon
991 813 1145 894 pracedat

219 901 274 970 dut
289 918 448 962 censuram
463 902 588 964 incurrit
605 901 775 964 denuntiari
790 901 880 963 debet
892 901 917 962 si
931 903 969 962 sit
985 919 1055 982 spes
1072 901 1153 982 quod

190 989 224 1054 io
250 989 338 1052 eitius
356 991 509 1071 resipiscat
534 993 610 1072 (cap.
636 990 816 1066 pastoralis,
832 989 847 1070 ξ
864 991 915 1052 fin.
928 1036 936 1066 ‚
951 987 993 1050 lle
1007 990 1154 1070 Appell.;

181 1083 209 1138 et
223 1077 368 1139 utentem.
384 1079 450 1154 lin,
463 1079 504 1140 De
518 1077 654 1161 Ceasar.)
669 1079 727 1141 :alr
738 1079 795 1140 lroc
810 1087 911 1139 tamen
922 1078 1013 1155 judex
1025 1096 1058 1138 se
1068 1077 1157 1140 debet

181 1166 330 1228 abstinere
346 1167 369 1228 si
385 1168 490 1230 resciat
502 1174 694 1230 censuratum
704 1184 769 1230 esse
782 1167 955 1228 absolutum
974 1165 1005 1226 in
1029 1165 1097 1227 foro
1110 1167 1155 1226 in·

182 1257 278 1314 terno.

222 1343 484 1404 Denuntiationem
499 1344 669 1424 praecedere
683 1344 770 1406 debet
784 1343 931 1405 sententia
944 1343 1153 1412 declaratoria,

179 1431 373 1510 quantumuis
390 1432 544 1494 notorium
557 1441 715 1496 censeatur
736 1433 901 1494 delictum:
916 1429 1040 1493 effectus
1055 1437 1156 1492 autem

182 1517 419 1582 denuntiationis
436 1527 481 1583 est
494 1521 575 1602 qudd
589 1527 765 1598 censuratus
784 1521 822 1582 sit
835 1519 973 1582 vitandus
986 1520 1018 1580 in
1036 1519 1075 1581 iis
1089 1539 1156 1602 quae

182 1607 237 1690 ipsi
255 1626 480 1689 percensuram
495 1610 702 1691 prohibentur.

198 1693 199 1696 ’
223 1699 295 1759 llaec
314 1704 415 1760 autem
439 1698 625 1760 denuntiatio
645 1698 710 1760 fieri
731 1698 820 1760 debet
837 1698 875 1760 ab
891 1699 1021 1778 ipsomet
1042 1697 1155 1776 iudice,

182 1784 242 1846 sire
254 1804 381 1848 censura
392 1787 478 1848 luerit
490 1787 547 1848 lata
561 1805 615 1866 per
626 1787 750 1849 modum
762 1787 872 1858 statuti,
888 1787 949 1847 sive
964 1787 1154 1868 permodum

181 1876 353 1952 seutentiam
369 1877 393 1937 si
413 1876 484 1939 rerd
505 1893 631 1937 censura
650 1875 742 1938 suerit
763 1876 824 1937 lata
847 1877 863 1936 a
888 1875 956 1954 jure
985 1875 1155 1951 communi,

182 1961 369 2025 denuntiatio
383 1963 447 2024 lieri
466 1963 555 2025 debet
568 1965 606 2025 ab
625 1964 783 2026 Ordinatio
797 1963 872 2039 loci,
889 1963 940 2025 ubi
961 1981 1091 2026 censura
1108 1965 1155 2026 in-

181 2067 268 2112 cursa
283 2051 371 2112 luerit
382 2051 540 2130 (Clenreut.
560 2058 588 2125 l,
605 2052 646 2113 lu·
660 2052 801 2134 priva),
815 2053 859 2114 vel
876 2052 913 2112 ab
927 2052 1087 2115 Ordinatio
1099 2054 1154 2115 do·

183 2138 285 2199 micilii
302 2139 376 2201 :sed
392 2147 462 2202 tuno
477 2141 645 2221 praecodore
659 2141 748 2202 debet
759 2142 858 2203 citatio
873 2141 915 2202 rei
936 2141 1041 2218 (Clem.
1059 2141 1155 2225 Scope,

184 2225 227 2288 lle
246 2227 359 2291 verbor.
375 2229 530 2312 eieciſse).
547 2233 620 2293 llaec
633 2229 820 2293 denuntiatio
836 2229 901 2290 fieri
915 2230 1003 2291 debet
1016 2250 1070 2312 per
1087 2251 1155 2314 pro-

182 2315 393 2379 clamationem
417 2319 568 2398 publicam
591 2320 622 2381 in
641 2320 783 2396 ecclesia,
805 2319 852 2380 vel
873 2338 926 2400 per
946 2319 1094 2400 scriptum
1119 2323 1155 2382 ad

183 2404 279 2466 valvas
294 2407 427 2484 ejusdem
442 2407 576 2485 adinum,
590 2409 674 2487 juxta
695 2425 812 2469 morem
832 2413 985 2488 receptum
1007 2409 1156 2490 qunsque

181 2491 328 2559 dioecesis.
350 2496 382 2557 Si
401 2514 469 2574 reus
488 2495 721 2559 satisfactionem
740 2495 856 2575 offerat,
876 2497 975 2558 statim
992 2501 1040 2558 est
1062 2497 1151 2560 absol·

181 2581 306 2646 rendus.
882 2653 885 2659 ,

224 2671 385 2747 parochus,
398 2673 445 2734 cui
458 2691 594 2736 censurae
604 2673 792 2735 denuntiatio
803 2673 964 2734 mandatur
978 2673 1159 2754 regulariter

181 2762 300 2821 tenetur
309 2763 527 2840 obtemperare,
539 2763 622 2840 ¹iuxta
632 2780 698 2840 cap.
711 2763 876 2824 l’ostorelis
886 2761 1077 2845 28‚Deoffic.
1085 2765 1156 2847 jud.

178 2846 286 2931 delep„
301 2849 414 2930 dequo
429 2850 662 2927 aldelmanum,
678 2855 712 2911 n⁰
725 2855 813 2912 6422.

223 2937 444 3001 advertendum
469 2948 569 3000 autent
592 2938 673 3018 quod
697 2939 857 3019 appellatio
880 2946 949 3002 ante
973 2944 1156 3009 sententiam

178 3043 315 3090 censurae
327 3045 394 3088 eam
409 3027 572 3107 suspendat
579 3045 589 3101 ;
606 3045 692 3088 secus
706 3030 731 3088 si
746 3026 797 3088 liat
812 3035 877 3108 post
891 3033 1083 3096 sententiam.

620 3191 638 3272 ς
663 3193 713 3255 rr.

251 3325 295 3388 De
308 3329 402 3388 causis
415 3327 620 3389 recreantibus
633 3328 651 3388 ἁ
665 3347 854 3392 censurarum
865 3330 1077 3401 obseruatione.

217 3475 352 3537 aaa-1.
364 3473 459 3535 Causa
471 3479 515 3536 est
527 3475 700 3556 ipuoruutr'a
712 3476 757 3537 vel
774 3476 990 3542 inadvertentia
1004 3501 1149 3552 excusans

177 3559 196 3623 d
215 3561 295 3640 gravi
311 3568 454 3641 peccato,
470 3562 515 3625 rel
529 3565 619 3624 etiam
636 3564 785 3644 ignoratio
803 3567 897 3630 solius
917 3585 1055 3636 censurae
1071 3573 1145 3657 (cap

181 3649 358 3730 dportolr'coe
372 3654 402 3727 9,
419 3650 462 3712 ne
475 3650 578 3712 clerieo
593 3655 761 3735 excomm).

217 3738 251 3796 ln
274 3737 367 3800 dubio
389 3744 489 3802 autem
507 3739 586 3804 cirea
610 3742 799 3804 existentiam
813 3763 969 3821 censurae.
984 3753 1068 3814 certe
1089 3771 1149 3816 non
