2618 4212
422 292 426 298 ·
454 293 538 338 arasa
558 293 693 340 rnnrras.
1025 277 1089 338 loe

153 409 182 473 3.
200 406 322 470 Litteris
343 405 520 487 apostolicis
541 406 625 470 lalsis
651 407 784 470 scienter
799 415 929 484 utentes,
953 408 1000 472 vel
1024 410 1083 470 cri-

114 497 193 560 mini
207 514 243 558 ea
257 495 287 556 in
303 511 336 556 rc
349 502 563 574 cooperantes.

159 583 490 648 Eneomrnanicationes
502 582 570 645 latre
583 582 736 644 sententie
748 583 861 645 nemini
872 591 1039 647 reserante.

146 671 477 735 'Eacomnrunicationi
501 669 571 732 latae
599 671 762 732 sententiae
776 671 893 733 nemini
917 681 1089 734 reservate·

113 763 276 840 subjacere
294 757 509 820 declaramus:
873 764 877 771 '

155 849 183 910 l.
213 846 395 908 lllandantes
417 863 470 906 seu
494 853 635 926 cogentes
648 845 726 908 tradi
743 847 958 910 ecclesiasticae
978 847 1085 928 sepul-

113 949 193 1001 turae
210 935 370 998 berctinus
386 933 524 996 notorias
538 942 591 995 aut
614 935 802 996 nominatim
829 935 1093 997 excommunica»

112 1021 431 1090 tasselintcrdietos.
576 1026 578 1031 '

152 1112 186 1176 2.
201 1111 422 1174 Laedentesaut
435 1108 725 1190 perterrefacientes
740 1109 1093 1186 Inquisitores‚denun·-

114 1202 240 1275 tientes,
266 1207 370 1272 testes,
386 1197 503 1260 aliosve
517 1197 676 1260 ministros
691 1197 722 1260 S.
736 1196 849 1272 effide
872 1199 979 1278 ejusve
1000 1195 1086 1259 Sacri

113 1287 473 1367 Tribunalisscripturas
492 1285 687 1366 diripientes,
708 1293 762 1348 aut
777 1287 1019 1360 comburentes;
1038 1283 1093 1348 rel.
1175 1293 1177 1298 ‘

115 1377 273 1461 praedictis
306 1373 500 1455 quibuslibet
528 1373 694 1450 auxilium,
731 1374 912 1450 consilium,
947 1372 1086 1436 levorem

21 1469 27 1476 '
115 1472 309 1550 praestantes.

154 1559 183 1616 3.
208 1551 387 1614 dlienantes
402 1557 431 1610 et
442 1551 579 1629 recipere
595 1550 911 1630 presumentesbona
922 1549 1091 1612 ecclesias·
1192 1541 1196 1546 ’
1293 1563 1294 1592 t

117 1644 177 1705 tica
192 1642 310 1719 absque
333 1636 528 1718 beneplacito
552 1638 741 1718 apostolico,
758 1639 796 1700 ad
826 1638 956 1700 {ormam
978 1636 1088 1698 Extra·

117 1729 259 1810 vagantis
270 1726 451 1800 Ambitiosa,
467 1727 510 1788 De
530 1727 614 1788 redeas
627 1727 739 1790 Erotes.
757 1745 815 1789 nan
829 1727 1006 1789 alienandis.

155 1819 183 1879 lt.
201 1815 396 1897 Negligentes
408 1816 471 1878 sive
486 1813 687 1895 culpabiliter
701 1816 880 1877 omittentes
895 1813 1092 1876 denuntiare·-

14 1891 16 1898 ’
115 1905 198 1970 inira
210 1922 348 1967 mensem
370 1901 574 1966 confessarios
590 1904 653 1966 sive
667 1903 843 1966 sacerdotes
859 1923 874 1964 a
892 1901 1008 1982 quibus
1024 1901 1087 1963 sol-

118 1995 227 2058 licitati
246 1993 360 2055 luerint
375 1991 413 2054 ad
428 1991 538 2072 turpia,
558 1992 587 2051 in
611 1990 804 2072 quibuslibet
821 1989 946 2053 casibus
961 2007 1089 2070 expres-

117 2083 189 2146 sisi
212 2079 395 2143 Praedeeess.
415 2079 534 2142 Nostris
555 2078 703 2158 Gregorio
717 2077 780 2150 XV,
804 2079 908 2142 Const.
939 2079 1084 2150 Hennensi,

117 2167 393 2248 nonagesimae,
411 2176 440 2230 et
455 2168 622 2230 Benedicta
638 2167 714 2246 XtV,
735 2166 838 2231 donst.
862 2169 1088 2232 Sacramentum

117 2258 308 2342 paenitentiae,
336 2257 439 2336 tjunii
456 2255 544 2318 llll.

156 2347 268 2409 Praeter
296 2345 353 2406 lros
375 2343 527 2406 hactenus
555 2345 733 2420 recensitos,
773 2363 826 2408 eos
851 2364 977 2428 quoque
1008 2370 1094 2430 quos-

118 2439 358 2502 Sacrosanetum
383 2430 560 2494 Concilium
594 2432 822 2508 Tridentinum,
849 2435 912 2496 sive
932 2449 1086 2501 reservata

119 2526 250 2589 Summo
264 2519 405 2582 Pontillci
420 2519 430 2562 ¹
444 2529 498 2582 aut
515 2519 686 2583 Ordinariis
707 2520 915 2592 absolutione.
935 2525 1000 2586 sive
1019 2525 1087 2588 abs-

119 2632 180 2696 que
201 2609 267 2673 ulla
288 2609 495 2671 reservatione
509 2609 806 2683 excommunicavit,
822 2608 883 2671 Nos
909 2613 1024 2692 pariter
1046 2615 1086 2676 ita

119 2697 404 2766 excommunicatos
426 2715 492 2758 esse
513 2697 728 2771 declaramus3
753 2707 882 2778 excepta
905 2701 1092 2764 arratbema·

120 2791 158 2852 tis
171 2803 263 2869 poena
277 2786 307 2846 iu
324 2783 450 2846 Decreta
462 2801 535 2846 sess.
553 2783 602 2858 lV,
617 2785 659 2846 lle
674 2785 802 2848 editione
813 2793 841 2848 et
854 2804 910 2848 nsn
922 2787 1089 2854 Sacrorum

84 2951 88 2958 ,
121 2872 466 2945 librorumoonstituta,
480 2873 531 2935 eui
542 2872 612 2936 illas
623 2881 745 2936 tantum
758 2875 917 2956 subjacere
928 2877 1088 2956 volumus,

120 2967 173 3050 qui
206 2962 303 3024 libros
332 2961 371 3023 de
403 2960 496 3023 rebus
518 2962 614 3024 saeris
637 2970 804 3024 tractantes
830 2964 897 3026 sine
933 2963 1088 3031 Ordinarii

108 3050 345 3139 vapprobatione
356 3048 554 3131 imprimunt,
571 3059 626 3112 aut
640 3050 778 3132 imprimi
795 3050 921 3116 faciunt.

151 3277 172 3326 l.
188 3271 324 3324 concilium
337 3269 507 3322 Tridentinum
522 3273 588 3321 lrunc
605 3275 748 3334 sequentem
763 3284 847 3321 casum
861 3271 960 3323 Summo
978 3275 1091 3329 Ponlilrei

120 3353 255 3398 reservet:

151 3434 162 3466 r
178 3417 206 3466 Si
215 3427 290 3478 quem
304 3412 447 3462 clericorum
460 3413 500 3463 vel
523 3412 652 3472 laicorum,
671 3427 823 3474 quacumque
846 3412 868 3460 is
882 3412 1001 3476 dignitate
1014 3400 1097 3468 etiam¹

119 3504 133 3539 a
149 3485 275 3550 imperiali
288 3483 417 3544 autregali
433 3485 584 3548 prefulgeat,
597 3486 690 3532 lantum
703 3484 824 3532 malorum
839 3484 949 3534 omniurn
964 3488 1032 3536 radix
1048 3504 1089 3538 cu·

120 3575 134 3609 a
150 3559 240 3622 piditas
264 3553 426 3616 occupaverit,
457 3561 484 3605 ut
511 3554 615 3618 alicujus
633 3554 757 3604 saecularis
773 3556 811 3604 rel
825 3555 942 3618 regularis
963 3557 1087 3620 beneficii,

121 3651 131 3678 a
149 3629 271 3679 montium
282 3623 388 3690 pietatis,
402 3626 554 3689 aliarumque
569 3627 666 3688 piarum
684 3626 793 3676 locorum
809 3626 1000 3690 jurisdictiones,
1018 3631 1088 3689 bona,

121 3724 131 3742 a
146 3700 246 3748 'scarus
263 3711 291 3744 aa
307 3695 347 3757 jur
383 3695 456 3745 stiam
472 3697 571 3747 leudata
588 3695 777 3760 emphyteutica,
797 3696 899 3759 tructus,
914 3697 1090 3750 emolumenta.
