2574 4198
205 319 262 378 191
476 329 625 373 1111111111
645 328 727 372 sums
748 327 895 374 aaronica.

206 447 234 495 u.
249 434 299 505 11,
314 448 341 491 v.
362 427 405 509 9).
422 427 482 489 111ae
499 431 535 489 11
549 427 632 490 horae
646 427 677 490 in
696 433 825 507 quatuor
840 433 938 503 partes
951 423 1174 499 dividebantur,

207 537 334 600 quarum
346 535 537 597 unaquaeque
550 521 610 578 tres
619 515 708 577 horas
717 515 909 577 continebat:
923 513 1060 576 videlicet
1076 511 1178 574 Tertio

210 605 379 670 continebat
394 605 523 686 primam
538 603 596 666 diei
612 609 728 686 partem
747 622 845 684 usque
861 603 898 664 ad
917 609 1052 664 nostram
1072 600 1178 661 boram

211 712 340 769 nonam;
365 693 459 756 Secta
482 691 647 756 secundam
668 699 785 770 partem
814 690 971 773 usquead
996 689 1177 766 meridiem;

212 783 293 847 Nona
316 781 435 843 tertiam
459 789 576 861 partem
600 797 697 860 usque
718 779 755 841 ad
775 779 881 841 horam
904 785 1039 842 nostram
1058 777 1179 841 tertiam

209 869 492 952 postmeridianam
517 869 647 950 Vespere
659 867 792 948 denique
804 876 937 949 quartam
951 877 1080 949 partem.

246 967 352 1030 Prima
365 967 527 1047 respondet
540 965 626 1027 initio
641 964 746 1044 primm
757 965 814 1026 diei
827 965 931 1046 partia,
944 964 1179 1049 completorium

212 1056 278 1118 iord
290 1055 345 1117 fini
360 1055 475 1117 uitimae
490 1053 626 1132 ejusdem
640 1052 699 1114 diei
714 1054 816 1134 partis

248 1153 391 1216 Similiter
406 1169 464 1213 nox
479 1151 510 1212 in
530 1155 567 1212 11
584 1150 675 1213 horas
690 1152 887 1230 dividebatur,
901 1171 936 1215 ac
949 1153 1040 1214 etiam
1054 1153 1088 1215 in
1103 1173 1164 1236 qua

209 1249 276 1305 tuor
289 1249 388 1322 partos
402 1258 470 1320 quae
492 1239 606 1319 ui'pilioe
625 1240 879 1321 nuncupabantur
898 1241 943 1322 (S.
959 1243 1067 1320 Marc,
1081 1261 1110 1305 c.
1131 1245 1179 1320 13,

209 1349 236 1392 v.
252 1333 314 1407 35).
330 1327 405 1389 Vide
419 1327 572 1404 Manuale,
588 1339 622 1388 n⁰
635 1331 724 1390 5078.

248 1426 407 1488 Matutine
422 1443 482 1486 non
495 1426 539 1486 sic
551 1425 624 1486 olim
638 1427 820 1488 iocabantur
833 1427 886 1489 sed
898 1426 1095 1504 Nocturnum,
1111 1429 1180 1510 quia

210 1533 264 1598 pro
277 1523 413 1594 tempore
428 1515 524 1576 noctis
538 1513 660 1576 suerunt
675 1515 817 1578 institutae
833 1514 874 1597 (v.
892 1517 956 1594 ia).

249 1612 362 1675 Laude
374 1613 416 1673 sic
433 1619 581 1673 vocantur
600 1611 670 1691 quia
685 1613 816 1691 psalmos
830 1613 926 1675 laudis
940 1614 1093 1694 praecipue
1107 1633 1179 1676 con·

209 1702 315 1764 tinent.
332 1701 514 1762 Dicebantur
527 1701 601 1760 olim
622 1699 778 1762 admotione
791 1703 861 1783 quia
883 1721 938 1783 pro
956 1703 1062 1764 ultima
1086 1705 1180 1766 nactis

211 1797 295 1872 parte
307 1790 430 1852 suerunt
443 1789 596 1850 instituiae.

248 1889 316 1950 Non
335 1893 437 1948 tamen
452 1886 592 1947 ridentur
609 1885 640 1946 in
655 1904 712 1948 usu
727 1886 818 1949 fuisse
843 1887 982 1968 primitiis
995 1906 1104 1951 omnes
1124 1889 1180 1950 illu

210 1978 303 2037 borae.
329 1975 442 2036 Dicitur
460 1975 542 2035 enim
559 1975 590 2034 in
608 1975 683 2036 libro
697 1979 731 2050 8,
751 1993 817 2056 cap.
834 1981 874 2037 tu
887 1975 1009 2039 Constat.
1026 1979 1178 2058 Apostol..

216 2087 230 2123 ι
250 2063 357 2126 Preces
377 2068 489 2124 vestras
507 2062 595 2124 facite
613 2062 763 2138 diluculo,
778 2065 961 2142 tertianam,
976 2069 1178 2140 sextt,‚n0na,

211 2157 229 2211 *i
248 2154 372 2231 vespera
390 2157 421 2212 et
441 2151 473 2210 in
496 2151 565 2232 galli
586 2159 716 2214 cantu».
740 2152 839 2214 Prima
862 2161 964 2216 autem
985 2173 1046 2216 non
1066 2155 1181 2218 videtur

210 2240 360 2322 antiquior
383 2239 515 2301 Cassiani
538 2241 740 2320 temporibus;
758 2242 996 2324 completorium
1017 2246 1182 2308 instituisse

210 2329 319 2391 dicitur
339 2329 369 2392 S.
387 2329 567 2391 Benedictus
593 2336 676 2391 sexto
690 2331 811 2394 saeculo.
830 2331 903 2394 Vide
924 2351 992 2414 cap.
1009 2333 1188 2416 Presbyter,'

210 2417 279 2480 dist.
294 2421 345 2482 91.

668 2573 727 2655 ei.

353 2724 480 2800 Quinam
502 2733 654 2786 teneantur
674 2723 713 2785 ad
732 2724 866 2807 officium
887 2723 1031 2788 diuinum.

249 2897 319 2956 151.
342 2890 481 2954 Officium
496 2891 632 2953 divinum
651 2891 775 2954 recitare
792 2890 903 2954 debent
919 2909 927 2952 ε
945 2895 976 2953 1·
994 2907 1104 2954 omnes
1121 2893 1178 2957 cle-

213 2982 265 3046 rici
278 2981 370 3043 sacris
387 2980 544 3042 ordinibus
558 2980 676 3054 initiati,
692 2981 783 3042 etiam
797 2980 955 3060 suspensi,
970 2983 1178 3044 excommuni-

211 3071 268 3136 cati
289 3078 318 3133 et
341 3068 492 3148 degradati
504 3088 514 3143 3
537 3069 599 3129 imd
618 3067 733 3130 etiamsi
758 3087 828 3132 cum
849 3069 1074 3150 dispensatione
1091 3071 1181 3152 rapa

212 3176 337 3223 uxorem
350 3157 524 3232 duxissent,
541 3155 599 3218 nisi
613 3157 702 3218 etiam
718 3159 750 3220 in
769 3157 828 3220 hoc
847 3157 974 3220 fuissent
994 3156 1178 3238 dispensati:
1281 3163 1282 3180 ³

212 3267 282 3310 nam
295 3247 498 3328 dispensatio,
514 3252 617 3325 utpote
631 3245 754 3320 odiosa,
771 3247 870 3308 stricte
884 3255 928 3308 est
943 3248 1178 3327 interpretanda.

210 3340 282 3400 Haec
297 3335 438 3416 obligatio
455 3335 559 3396 nititur
580 3335 744 3416 praesertim
763 3336 895 3416 generali
909 3335 1131 3402 consuetudine
1144 3337 1181 3400 ab

210 3425 345 3488 Ecclesia
355 3424 527 3506 approbati.
947 3435 953 3442 '

250 3521 459 3586 subdiaconus
469 3521 516 3582 die
527 3541 589 3602 quo
600 3521 758 3586 ordinatur
768 3523 873 3604 incipit
885 3522 1011 3605 obligari
1021 3523 1059 3585 ad
1073 3523 1179 3588 horam

210 3630 278 3694 quae
290 3617 365 3673 tunc
383 3610 511 3670 dicenda
524 3617 602 3672 esset
618 3610 648 3672 in
667 3611 760 3674 choro
775 3628 784 3675 1
799 3613 881 3675 unde
894 3612 918 3674 si
934 3611 1092 3674 ordinatur
1107 3613 1180 3678 hort

210 3698 382 3772 undecima,
399 3697 576 3778 regulariter
589 3703 709 3761 tenetur
721 3698 759 3760 ad
773 3701 980 3762 recitationem
994 3701 1105 3764 Sextae.

248 3795 483 3860 Controvarlilur
501 3802 601 3880 autem
613 3813 652 3854 an
680 3797 833 3858 recitando
854 3797 941 3859 boras
957 3799 1090 3858 minores
1110 3803 1179 3862 ante
1279 3779 1280 3782 Ἴ
