2604 4196
235 327 305 386 btt-
517 339 668 386 rasurum
687 337 770 382 runis
787 336 933 382 canonici.

234 438 303 500 dem
320 457 355 500 ex
370 441 396 500 ri
413 437 604 520 praefatarum
620 436 888 510 Constitutionum,
909 453 979 498 nam
993 453 1028 497 ex
1041 435 1109 514 jure
1125 445 1216 499 natu,

235 527 288 589 rali
305 519 384 589 aliud
401 535 445 588 est
460 527 635 588 dicendum.

274 619 307 676 3⁰
328 617 388 676 Etsi
412 617 513 696 plures
529 622 660 696 negent,
677 612 784 675 melius
807 618 907 675 tamen
927 612 1092 676 affirnratur
1110 612 1142 674 in
1167 611 1216 674 his

234 704 369 765 Decretis
394 701 696 783 comprehendendos
719 719 785 762 esse
802 702 892 763 ctiam
906 702 1072 782 Episcopos
1090 707 1120 762 et
1138 701 1216 762 alios

237 792 387 854 l’raelatos
402 792 447 874 (S.
466 793 601 871 Liguor.,
618 787 707 865 ibid,
725 790 856 870 110685.)

274 883 444 942 68²1.-l⁰
459 878 694 941 Controvertitur
713 886 815 940 utrum
834 879 874 939 sit
892 877 1118 941 denuntiandus
1141 897 1214 940 tton-

237 968 375 1030 lessarius
389 970 561 1043 sollicitans,
575 967 627 1048 qui
640 968 725 1046 signa
737 985 813 1028 verae
828 967 1046 1029 emendationis
1060 967 1212 1030 ostendit:

235 1057 316 1131 ltunc
331 1077 395 1118 esse
411 1058 500 1119 etiam
522 1056 766 1118 denuntiandum
781 1055 916 1118 absoluto
931 1056 1116 1138 probabilius
1134 1056 1202 1136 judi

234 1152 281 1206 cat
295 1145 325 1207 S.
343 1145 478 1225 Lignor.,
496 1145 584 1219 ittet,
602 1154 634 1204 n⁰
650 1147 718 1206 686.
979 1157 980 1162 ’

274 1237 385 1296 688.-
400 1239 431 1296 5⁰
447 1237 520 1295 ltem
533 1233 623 1313 longe
639 1231 823 1312 probabilius
835 1232 923 1293 habet
938 1233 1098 1312 S.Liguor.
1108 1232 1196 1308 (ibid.

236 1330 268 1381 n⁰
281 1324 367 1398 687),
384 1327 488 1383 contra
505 1321 688 1396 nonnullos,
705 1320 949 1382 denuntiandum
970 1339 1035 1382 esse
1056 1320 1211 1384 confessa·

234 1409 313 1472 rium
338 1411 450 1490 quide
476 1410 684 1472 sollicitatione
710 1409 773 1486 jam
800 1409 888 1470 luerit
911 1409 981 1470 satis
1004 1410 1160 1472 convictus
1181 1417 1212 1472 et

235 1499 374 1577 punitus;
389 1501 412 1559 si
437 1500 508 1560 verb
532 1517 593 1560 non
619 1498 722 1558 suisset
741 1499 801 1575 jam
822 1497 911 1577 plene
927 1498 1102 1575 convictus,
1119 1499 1165 1560 vel
1184 1499 1209 1560 si

234 1586 342 1650 lterum
357 1587 549 1666 deliquisset,
565 1587 648 1648 certd
663 1595 739 1646 esset
753 1585 990 1647 denuntiandus

272 1680 342 1738 689.
357 1710 396 1722 -
414 1679 446 1738 6⁰
464 1674 570 1738 laicus
585 1693 616 1736 se
631 1674 848 1736 confessarium
873 1673 1019 1736 simulans
1044 1693 1106 1736 non
1130 1685 1210 1738 esset

232 1763 354 1845 quidem
373 1764 600 1827 denuntiandus
618 1782 655 1824 ex
673 1781 764 1843 snpra
782 1761 867 1823 dictis
889 1762 1158 1825 Constitutionibus
1183 1767 1206 1825 si

232 1853 413 1928 sollicitaret,
425 1853 476 1915 sed
492 1853 662 1914 denuntiari
677 1852 799 1914 deberet
813 1869 849 1912 ex
862 1851 964 1913 Const
980 1851 1118 1931 Gregorii
1128 1855 1206 1927 Xlll,

232 1940 282 2000 ubi
296 1942 466 2003 denuntiari
478 1941 798 2021 jubeturquienmque
814 1959 874 2000 non
890 1938 1046 2015 sacerdos,
1064 1939 1117 2019 qui
1136 1959 1208 2002 con-

233 2028 375 2091 sessiones
390 2030 473 2091 audit
487 2029 743 2092 sacramentaliter
761 2048 767 2087 :
785 2027 839 2088 etsi
860 2046 921 2088 non
941 2026 1025 2089 daret
1043 2027 1207 2092 absolutio·

232 2135 312 2194 nem,
326 2119 411 2195 juxta
425 2117 557 2180 edictum
573 2120 603 2178 S.
621 2116 825 2196 Inquisitionis
840 2115 1003 2178 Generalis

270 2210 337 2268 690.
354 2239 390 2252 -
404 2211 437 2266 7⁰
449 2205 635 2266 Probabilibs
649 2204 847 2266 denuntiandi
866 2223 927 2265 non
941 2211 1012 2266 sunt
1030 2206 1204 2269 confessarii

230 2293 435 2370 sollicitantes,
452 2295 503 2375 qui
516 2295 579 2373 jam
592 2296 609 2355 b
623 2294 682 2356 vitd
697 2294 900 2374 migraverint.

254 2385 300 2444 -8ο
323 2385 398 2444 Casu
413 2402 475 2463 quo
487 2382 640 2444 dubitatur
657 2401 695 2442 an
709 2381 825 2444 dictum
838 2383 882 2443 vel
899 2382 1012 2445 lactum
1031 2383 1122 2446 luerit
1135 2403 1203 2448 vera

229 2471 412 2549 sollicitatio,
428 2470 629 2533 confessarius
645 2489 705 2531 non
721 2477 765 2530 est
779 2470 1014 2534 denuntiandus

268 2563 336 2622 cat.
361 2561 483 2632 Quaerit.
499 2563 531 2621 2⁰
547 2559 676 2631 Quinam
694 2557 732 2620 ad
749 2558 991 2622 denuntiandum
1009 2559 1203 2624 sollicitantes

229 2649 410 2711 tencantur?
574 2647 581 2659 '

267 2739 356 2818 Resp.
374 2737 420 2797 Ad
435 2737 465 2798 id
476 2743 617 2799 tenentur
632 2737 809 2816 regulariter
826 2757 933 2800 omnes
948 2738 1128 2820 poenitentes
1141 2740 1201 2801 sol·

227 2824 339 2897 licitati,
351 2827 405 2888 etsi
418 2830 625 2888 consenserint
644 2826 855 2898 sollicitationi,
872 2835 903 2888 ut
922 2831 1040 2888 constat
1058 2845 1095 2888 cx
1115 2828 1199 2892 Bulla

226 2934 317 2995 supra
327 2915 419 2977 relata
429 2915 614 2978 BenedlllV
625 2915 861 2990 Sacramentum
875 2934 930 2977 nec
941 2922 1065 2995 possunt
1074 2915 1198 2996 absolvi,

227 3006 282 3065 nisi
299 3005 383 3083 pribs
395 3003 592 3066 denuntient:
610 3023 647 3066 ex
661 3006 788 3064 Decreto
803 3009 903 3064 tamen
918 3007 1015 3066 Sacrae
1030 3004 1199 3084 Inquisitio

225 3091 329 3168 nisti
344 3099 419 3172 sept.
439 3095 532 3154 trac:
549 3091 602 3152 «Si
616 3091 725 3152 mulier
737 3094 886 3153 consentit
900 3092 1082 3154 confessario
1092 3094 1199 3157 sollici·

228 3200 243 3236 u
263 3180 354 3250 tanti,
370 3199 431 3242 non
445 3187 587 3243 tenentur
609 3199 699 3242 suum
716 3199 899 3243 consensum
915 3181 1124 3261 manifestare,
1143 3201 1198 3248 nec

228 3289 243 3325 r
265 3276 362 3349 potest
373 3287 464 3349 super
476 3269 533 3332 boc
547 3270 584 3330 ab
598 3270 747 3350 Episcopo
762 3269 951 3350 interrogari.
967 3292 983 3329 a

248 3370 334 3428 aba.
358 3367 576 3430 Admonemus
592 3375 636 3430 est
651 3369 799 3447 poeuitens
813 3367 851 3430 de
866 3370 921 3428 sud
934 3367 1126 3449 obligatione,
1143 3372 1196 3433 etsi

223 3455 424 3518 confessarius
444 3457 525 3518 certb
540 3451 700 3537 prandeat
717 3457 799 3536 qudd
814 3474 875 3517 non
895 3455 933 3517 sit
946 3455 1192 3536 denuntiaturus;

224 3542 292 3605 licet
315 3546 395 3604 enim
413 3591 421 3621 ‚
441 3547 608 3624 generatim
625 3545 798 3625 loquendo,
815 3543 1016 3606 confessarius
1036 3545 1143 3609 debeat
1164 3567 1195 3610 se

224 3632 373 3694 abstinere
396 3633 434 3694 ab
452 3633 645 3696 admonendo
666 3634 828 3714 poenitente
849 3632 971 3714 quando
989 3635 1129 3714 praevidet
1148 3637 1193 3699 ad·

225 3717 421 3783 menitioncm
436 3740 497 3783 non
511 3740 576 3784 esse
589 3722 789 3803 prolaturam3
805 3721 889 3783 nhoc
903 3729 1004 3782 tarnen
1016 3741 1077 3784 non
1087 3728 1203 3801 currit,

228 3812 360 3892 «inquit
382 3813 412 3873 S.
437 3811 558 3892 liguor.
581 3813 645 3890 (lib.
671 3815 711 3871 6·
728 3815 761 3871 n⁰
783 3814 871 3886 dat),
896 3811 1017 3890 quando
1036 3813 1135 3890 agitur
1155 3814 1192 3876 dc
