2574 4198
469 365 557 409 ιιιιιιι
578 361 736 409 sncunuus.
1029 347 1089 407 615

107 465 194 536 Quod
207 471 311 525 autem
327 463 500 525 fundatores
515 461 700 525 intenderint
712 460 792 522 bona
805 457 903 523 suain
917 458 1087 524 dominium

108 553 511 633 clericorumrelinquerc,
535 552 593 613 hoc
613 549 704 612 etiam
726 549 852 610 minime
874 547 1034 629 probatur,
1059 557 1092 612 et

108 640 209 720 potius
235 645 282 700 est
310 639 557 719 praesumendum
580 637 664 719 qudd
688 635 839 698 voluerint
861 637 1032 717 relinquere
1056 640 1087 700 in

109 745 219 788 manus
234 726 439 799 Ecclesiae,t
406 733 439 788 ut
453 728 518 808 ipsa
532 725 728 828 postmodum
742 742 777 785 ea
791 723 870 785 bona
881 743 935 805 per
947 726 1093 788 Praelatos

109 815 312 878 committeret
337 814 500 892 ministris,
515 821 550 876 ut
563 815 655 877 exeis
669 819 910 875 sustentarentur
930 819 959 875 et
980 833 1087 901 super3
1091 853 1094 857 -

109 903 206 966 lluum
220 903 405 982 pauperibus
419 908 602 984 erogarent:
617 903 708 964 talem
723 909 827 962 autem
839 900 931 962 fuisse
945 901 1087 963 fundato-

110 1009 179 1052 rum
200 997 339 1052 mentem
363 999 407 1052 tes
410 998 490 1054 tatur
522 991 690 1054 Concilium
713 990 976 1070 Aquisgraneuse,
1007 1008 1096 1053 auno·

110 1079 204 1153 816,
196 1097 229 1139 ιιι
244 1097 314 1141 can.
328 1081 427 1153 116,
420 1099 450 1140 ιιι
466 1099 528 1160 quo
541 1079 671 1140 dicitur.
689 1099 704 1136 ι
720 1077 846 1153 Fideles,
861 1077 901 1139 ob
916 1078 1088 1140 animarum

114 1189 129 1226 ιι
149 1185 276 1228 suarum
290 1167 471 1243 remedium,
487 1168 549 1229 suis
562 1165 751 1228 facultatibus
762 1171 896 1226 sanctam
909 1165 1088 1246 locupletem

115 1275 130 1313 ι
149 1254 290 1316 lecerunt
310 1255 496 1332 Ecclesiam,
521 1255 615 1318 uthis
629 1260 658 1316 et
670 1250 780 1315 milites
794 1253 900 1315 Christi
915 1254 1086 1331 alerentur,

114 1363 129 1401 r
149 1342 281 1404 ecclcsr'oe
301 1351 558 1404 ecoruureuturet
566 1362 711 1426 pauperes
734 1351 982 1406 recrearentur».
1000 1345 1097 1405 -Et

112 1430 182 1492 licet
205 1431 264 1492 alia
286 1429 392 1492 luisset
415 1432 541 1494 intentio
567 1433 781 1505 fundatorum,
806 1431 864 1492 dici
887 1433 985 1512 potest
1007 1433 1087 1513 qndd

111 1519 259 1595 Ecclesia,
276 1539 345 1601 quae
356 1521 507 1582 bonorum
520 1521 792 1583 ecclesiasticorum
807 1539 986 1622 supremum
1001 1522 1098 1584 habet.

112 1607 303 1708 dominium,
319 1608 415 1671 noluit
426 1627 497 1671 suos
508 1609 662 1670 ministros
676 1610 831 1688 acquirere
839 1610 890 1687 ius
903 1609 933 1668 in
948 1627 981 1670 aa
996 1608 1086 1682 bona,

113 1696 171 1757 nisi
192 1696 404 1758 limitatum
372 1703 404 1758 e
423 1716 494 1759 cum
517 1715 610 1759 onere
628 1696 818 1778 superfluum
838 1696 1020 1776 pauperibus
1038 1705 1089 1758 aut

113 1783 178 1846 aliis
197 1785 256 1865 piis
275 1785 418 1865 operibus
436 1785 658 1865 impendendi:
673 1784 749 1846 illud
763 1784 865 1846 multis
878 1783 1040 1864 probatur,
1056 1793 1090 1846 ut

112 1871 205 1934 videri
223 1879 322 1953 potest
334 1874 415 1954 apud
429 1875 460 1936 S.
474 1874 596 1950 Liquor.
614 1872 676 1950 (lib.
692 1875 727 1946 3,
744 1881 781 1932 ιιο
793 1875 873 1949 ter).
891 1871 1025 1954 Sufficiat
1038 1891 1087 1934 re-

114 1959 192 2023 lcrre
206 1961 298 2023 verba
311 1963 324 2022 I
336 1962 450 2025 Concil.
463 1961 626 2024 Mediolan.
645 1960 717 2022 anni
730 1963 826 2036 1565,
842 1960 899 2023 sub
911 1962 942 2023 S.
959 1961 1063 2024 Carolo
1079 1983 1086 2023 :

117 2070 134 2109 ι
153 2051 185 2112 61
198 2051 332 2130 verdqui
347 2051 494 2114 beneficia
503 2049 704 2114 ecclesiastica
718 2049 854 2111 obtinent
869 2068 999 2131 quorum
1012 2051 1090 2128 fruc·
1156 2085 1158 2090 ·

118 2145 205 2201 «lus
225 2139 264 2200 ad
288 2157 340 2200 eos
363 2146 434 2202 sunt
457 2140 608 2216 attributi,
630 2139 655 2201 si
679 2138 833 2201 uberiores
857 2142 917 2201 sint
936 2143 1028 2222 quam
1052 2142 1098 2203 ad*

118 2248 134 2288 ι
152 2227 301 2289 tuendam
316 2230 408 2290 vitam
422 2228 603 2310 requiratur,
619 2227 756 2290 dubitare
770 2247 831 2290 non
845 2228 956 2290 debent
969 2231 1005 2292 ad
1020 2249 1090 2292 cum

119 2338 135 2376 ι
155 2316 252 2377 linem
274 2317 353 2378 banc
371 2319 489 2398 copiam
504 2316 562 2378 illis
578 2334 643 2378 esse
657 2316 828 2379 attributam
842 2364 850 2392 ,
866 2324 898 2379 ut
913 2326 1021 2398 praeter
1034 2339 1089 2397 ea,

119 2423 226 2486 «quae
249 2404 287 2466 ad
311 2405 400 2467 vitam
423 2407 493 2466 satis
513 2411 636 2479 essent,
661 2412 854 2486 suppeterent
873 2407 961 2468 etiam
986 2409 1091 2490 quibus

119 2515 135 2553 a
149 2512 322 2577 pauperum
336 2495 441 2576 iuopia
453 2493 653 2555 sublevaretur
666 2516 695 2556 r.

154 2583 211 2644 His
228 2583 513 2656 nonobstantibus,
530 2584 561 2644 S.
577 2584 712 2663 liguas,
727 2587 760 2644 ut
771 2582 834 2661 Jam
849 2581 999 2660 diximus,
1016 2587 1091 2668 prio·

115 2689 183 2735 rem
205 2672 387 2732 sententiam
410 2671 500 2733 habet
513 2679 546 2734 ul
561 2674 632 2733 satis
646 2671 853 2752 probabilem,
873 2676 1040 2754 praesertim
1054 2677 1105 2736 ob·

116 2759 325 2823 auctoritatem
340 2761 370 2822 S.
388 2759 522 2837 Thomas,
538 2760 590 2841 qui
603 2760 707 2821 asserit
721 2767 871 2840 procerte
885 2761 1107 2826 factanrluissc·

117 2847 469 2911 bonorumdivisiouem.
486 2851 525 2910 Et
537 2850 640 2910 revera
655 2848 764 2926 legitur
775 2849 873 2928 incap
898 2849 1031 2922 Ouctuor
1042 2858 1091 2928 27,

117 2938 162 3001 Dc
174 2935 354 3005 redditibus,
371 2955 462 2999 causa
477 2940 533 3014 tu,
548 2956 579 3018 q·.
593 2939 632 3010 2,
647 2935 730 3016 qubd
744 2937 797 2996 66.
813 2935 995 3011 Pontifices,
1011 2940 1108 3000 Sim--

117 3025 229 3107 plicius
242 3025 376 3087 maxime
388 3033 418 3087 at
431 3025 582 3102 Gelasius,
596 3025 833 3106 praescripserint
848 3033 879 3086 ut
894 3027 956 3087 tam
970 3025 1008 3088 de
1023 3029 1093 3089 red·

117 3114 232 3177 ditibus
255 3115 348 3194 qudrm
368 3113 407 3176 da
429 3113 631 3175 oblationibus
654 3111 789 3175 fidelium
816 3113 922 3176 fierent
943 3115 1111 3195 portiones-

122 3225 138 3262 a
157 3221 291 3285 quarum
315 3219 376 3265 una
401 3201 438 3264 sit
460 3201 638 3277 Pontiticis,
666 3203 759 3264 altera
782 3203 983 3280 clericorum,
1008 3207 1094 3270 tertia

122 3313 138 3352 ι
157 3308 346 3374 pauperum,
362 3294 469 3371 quarta
483 3289 616 3352 Fabricis
629 3291 805 3372 applicanda
818 3313 833 3350 s
851 3310 859 3353 ι
875 3291 927 3352 sed
942 3311 1003 3355 ιιοιι
1018 3293 1112 3357 bend·

118 3387 237 3442 constat
251 3379 331 3441 hanc
347 3379 539 3460 partitionem
553 3378 645 3441 tuisse
659 3379 758 3459 reipsa
771 3386 932 3459 peractam.

158 3467 236 3544 Sed,
261 3467 359 3549 posita
380 3466 504 3549 praelata
525 3468 742 3545 controversia,
766 3470 911 3570 queritur
932 3490 971 3532 an
991 3477 1113 3552 peccet.

27 3569 29 3573 ’
119 3558 249 3640 graviter·
262 3564 292 3618 et
304 3562 442 3619 teneatur
454 3554 493 3617 ad
504 3556 724 3618 restitutionem
728 3575 798 3638 qur
791 3557 887 3621 bona
897 3560 1094 3623 ecclesiastica

28 3589 31 3688 l

31 3869 33 3902 l

120 3646 200 3708 dono
213 3644 323 3726 accipit
335 3645 354 3706 1
365 3644 583 3706 beneficiario?

157 3737 250 3816 Resp.
275 3737 307 3795 1⁰
328 3731 434 3804 Quoad
453 3732 668 3813 obligationem
688 3735 863 3799 restituendi
877 3736 1093 3817 ,distinguen-

121 3821 193 3887 dum
205 3829 270 3885 est·
264 3867 271 3883 .
283 3821 331 3884 vel
342 3838 396 3904 per
407 3820 497 3882 talem
508 3821 706 3884 donationem
721 3824 930 3887 beneficiarius
944 3825 1113 3906 impotens

1012 3921 1040 3967 ,a
