2590 4208
459 271 543 316 arasa
563 269 696 316 scurrus.
1024 259 1074 324 53.

86 400 138 456 tur
152 400 265 456 coutra
283 391 420 454 mulieres
443 389 584 452 violantes
600 388 785 469 aepulariam
801 391 932 453 uirorum
948 395 1063 453 statua-

86 499 165 554 ram‚
182 487 210 542 et
220 479 384 560 superiores
394 477 526 558 aliosque
540 495 588 539 aas
602 477 801 540 admittentes.

126 568 161 630 ln
178 567 337 649 praedictis
350 567 449 628 Bnllis
462 583 526 628 non
542 566 857 645 comprehenduntur
884 567 1062 648 imperatri-

86 675 137 720 ces
151 664 184 718 et
195 655 338 734 Reginae,
355 674 529 737 earumque
546 655 619 717 liliae
633 665 662 716 et
679 655 747 716 aliae
762 653 886 718 laminae
900 674 970 735 qua
992 657 1064 718 illas

85 747 292 810 comitantur.
308 743 371 806 Nec
386 745 481 807 ctiam
494 744 628 807 omnino
641 751 764 806 constat
775 762 813 806 an
830 743 992 806 infantulae
1002 745 1061 805 sub

86 833 301 914 prohibitione
315 831 530 896 includantur.
553 832 592 894 Ut
612 849 686 896 varo
700 839 820 896 certum
838 829 972 896 habetur
988 852 1052 914 pras

86 923 167 985 latas
192 939 302 1003 poenas
324 939 388 984 non
406 939 473 984 esso
486 920 699 984 extendendas
721 920 760 983 ad
785 929 961 985 conventus
976 930 1062 985 voto·

85 1029 159 1075 rum
175 1011 379 1091 simplicium.

126 1099 261 1163 Nomine
274 1099 440 1177 clausurae,
457 1099 600 1180 inquam
617 1097 743 1161 laminis
754 1099 940 1163 interdictus
952 1107 998 1163 est
1008 1099 1061 1161 in·

86 1206 225 1270 gressus,
238 1187 427 1266 intelligitur
436 1193 538 1250 totum
551 1189 688 1269 spatium
702 1187 788 1269 quod
802 1189 885 1250 intra
897 1198 984 1270 septa
995 1205 1059 1251 mo·

77 1277 216 1341 nasterii
231 1275 412 1340 continetur
427 1298 434 1337 ε
451 1275 483 1339 id
499 1286 556 1352 ost,
569 1275 717 1354 claustra,
732 1277 830 1352 calla,
841 1277 983 1351 officinae,
996 1295 1062 1339 coe-

85 1367 252 1438 naculum,
270 1365 505 1441 dormitorium,
522 1365 713 1439 infirmaria,
731 1367 879 1446 coquina,
896 1367 994 1440 horti,
1009 1369 1061 1428 vi-

85 1456 214 1530 ridaria,
231 1463 320 1537 prata
335 1455 360 1518 si
376 1454 438 1516 siut
452 1455 621 1518 couventui
633 1454 813 1535 conjuncta,
830 1457 969 1518 sacristia
982 1455 1007 1517 si
1020 1455 1059 1518 ad

85 1564 156 1609 eam
179 1562 244 1606 non
265 1544 305 1605 sit
324 1561 465 1606 accessus
484 1561 540 1624 per
558 1542 723 1604 ecclesiam
744 1542 892 1606 omnibus
912 1544 1061 1605 fidelibus

85 1635 285 1718 permissam.
306 1630 471 1713 (Manuale,
487 1641 524 1692 n⁰
537 1630 641 1712 aaut.)

123 1727 195 1788 995.
220 1719 257 1782 ll.
289 1719 333 1782 De
357 1737 509 1784 culusum
536 1737 634 1792 Quoto
659 1736 806 1784 rourrms
836 1737 845 1787 ι
873 1719 1058 1801 HuJusmodi

84 1811 233 1876 clausura
249 1809 385 1870 multum
399 1807 504 1870 differt
521 1826 538 1870 a
552 1807 699 1870 clausura
714 1809 871 1885 virorum3
894 1809 959 1870 istis
973 1810 1058 1870 enim

85 1921 147 1966 non
166 1898 356 1982 prohibetur
369 1916 386 1960 e
400 1896 593 1961 monasterio
606 1897 723 1977 agredi,
740 1898 765 1959 si
780 1896 1057 1976 superiorisliaen-

85 1993 160 2053 tiam
177 1989 335 2064 babeant3
350 1987 427 2048 dum
445 1985 638 2049 monialibus
651 1987 745 2048 etiam
761 1987 863 2049 exitus
875 2004 948 2048 cum
964 1985 1057 2048 licen·

84 2081 128 2142 tia
142 2076 318 2141 Abbatissae
332 2082 379 2138 cst
398 2075 599 2157 prohibitus;
624 2074 708 2137 undo
729 2075 996 2157 dispensationem
1016 2075 1059 2139 ab

84 2168 271 2230 auctoritato
283 2170 480 2244 competente
492 2163 635 2226 obtinere
646 2163 772 2226 debent.

122 2256 219 2318 Extra
240 2271 331 2316 casas
353 2271 370 2314 a
382 2252 454 2334 juro
467 2271 648 2334 expressos,
662 2271 803 2333 egressus
817 2254 964 2318 monialis
979 2273 1055 2338 pro·
1156 2335 1157 2339 Ἰ

83 2345 184 2422 iessae,
208 2345 304 2404 etiam
325 2359 500 2419 conversat,
515 2349 563 2404 cst
581 2349 743 2423 paccatum
758 2343 901 2416 mortale,
918 2347 967 2408 oui
991 2365 1008 2408 a
1023 2345 1054 2408 S.

83 2435 138 2499 Pio
151 2433 190 2510 V,
206 2441 238 2495 ct
253 2451 271 2495 a
285 2431 510 2495 constitutione
522 2432 702 2512 apostolica
716 2431 800 2495 Sedis
815 2433 859 2494 Pii
875 2433 926 2508 lx,
937 2452 1059 2495 annexa

83 2533 130 2588 est
152 2523 282 2604 majoris
302 2520 636 2583 excommunicationis
657 2539 749 2600 paena
765 2522 833 2602 ipso
849 2520 928 2582 lacta
950 2523 1057 2583 inaur-

83 2611 200 2688 renda,
220 2621 249 2674 et
273 2609 403 2674 Summo
419 2609 559 2672 Pontifici
582 2609 767 2689 simpliciter
787 2617 960 2686 reservata,
985 2629 1060 2673 aum

84 2703 154 2767 aliis
169 2700 284 2784 poeuis,
299 2701 338 2762 de
353 2698 470 2781 quibus
481 2717 512 2761 u.
528 2697 681 2772 Manuale,
696 2701 831 2762 1102837.

122 2793 217 2856 Juxta
233 2807 355 2852 sacram
374 2787 504 2852 Consilii
524 2787 697 2867 Congmg„
722 2787 918 2851 consuetudo
936 2807 1059 2870 praeva›

84 2880 150 2945 lero
168 2879 278 2959 nequit
298 2886 408 2941 contra
428 2876 551 2940 decreta
577 2875 758 2939 conciliaria
777 2883 807 2938 at
821 2879 1060 2940 constitutiones

86 2968 277 3053 apostolicas
291 2985 363 3047 quaa
377 2968 558 3030 clausuram
580 2967 727 3048 papalem
743 2965 922 3048 imponunt.

125 3059 230 3123 Poenae
245 3074 319 3120 varo
345 3055 439 3119 modo
462 3055 567 3119 relatae
587 3057 767 3118 clausuram
793 3056 940 3138 papalem
963 3057 1061 3137 respi-

84 3152 187 3225 ciunt,
212 3165 281 3210 cam
305 3146 422 3209 scilicet
443 3162 514 3225 quaa
537 3163 554 3206 a
578 3147 709 3207 Summo
729 3145 879 3209 Pontibus
899 3147 1058 3210 statuitur.

84 3240 140 3304 Est
155 3243 262 3302 aulem
275 3234 338 3298 alia
351 3235 496 3298 clausura
514 3233 554 3297 ab
566 3233 730 3316 Episcopis
744 3235 877 3308 sancita,
891 3235 982 3315 cujus
998 3235 1058 3299 vio

85 3328 164 3392 latio
178 3326 254 3389 solis
270 3326 372 3407 poeuis
386 3323 427 3386 ab
441 3321 608 3387 Ordinario
623 3325 813 3404 praescriptis
828 3323 985 3403 plectitur.

124 3421 167 3484 Ut
180 3433 283 3500 poenae
298 3432 395 3496 supra
415 3413 507 3476 diotae
521 3413 723 3476 incurrantur
741 3413 870 3487 sufficit,
884 3413 974 3494 juxta
989 3413 1062 3477 Fer·

85 3510 177 3586 raris,
193 3505 280 3588 quod
305 3502 454 3567 monialis
470 3501 624 3565 ambobus
642 3499 795 3580 pedibus,
817 3518 883 3565 uno
898 3502 946 3566 vel
963 3504 1061 3568 altero

85 3599 193 3682 palmo
206 3603 295 3658 extra
309 3594 463 3656 clausuras
476 3601 592 3654 ostrum
609 3597 737 3670 pergat,
763 3589 811 3652 vel
837 3589 922 3672 quod
947 3609 1059 3654 ascen-

85 3689 140 3753 dat
163 3701 260 3767 supra
275 3691 416 3758 tactum,
441 3678 490 3742 vel
505 3697 538 3741 se
558 3677 729 3760 suspendat
742 3697 799 3760 per
820 3678 989 3764 lonestranp
1008 3687 1060 3742 aut

87 3778 233 3842 arborem
248 3779 336 3835 extra
347 3771 540 3845 clausuram,
555 3766 602 3832 rel
617 3765 704 3851 quod
718 3768 806 3832 adaat
821 3769 958 3849 spatium
973 3771 1058 3849 quod
