2552 4204
199 319 258 378 m
472 333 621 379 eruuntur
641 331 723 376 sums
743 326 891 376 oluoa'rcr.

202 458 217 495 c
238 441 399 519 postquam
420 457 471 500 ees
491 437 584 501 semel
605 434 794 511 dimiserint,
813 429 1022 494 intermissum
1041 450 1163 494 consor·

202 548 216 582 n
237 525 314 589 tium
329 533 475 610 repetere,
489 531 541 589 aut
552 527 624 588 elias
638 521 812 602 huiusmodi
825 519 1016 582 scandaloscs
1026 522 1165 585 mulieres

203 637 217 672 «
239 614 294 677 sibi
313 615 478 698 adjungere
498 616 563 678 ausi
585 613 715 688 luerint,
731 616 840 693 praeter
857 607 952 670 dictas
971 627 1097 690 poenas,
1113 630 1164 674 ex-

203 725 217 761 c
238 703 522 768 communicationis
538 703 637 784 gladio
655 701 834 782 plectantur.
850 699 912 759 Nec
928 696 1042 776 quaevis
1060 700 1166 780 appel-

204 815 217 850 ι
238 792 328 865 letio,
351 801 404 856 aut
425 793 576 874 exemptio
595 791 770 872 praedictem
793 785 1005 851 executionem
1022 787 1168 869 impediat

202 901 217 937 a
238 887 289 943 aut
303 882 476 964 suspendat.
492 903 507 941 u
522 880 629 960 (Trid,
643 879 697 958 ib.)

238 969 353 1032 Omnes
373 969 557 1033 concordant
577 969 755 1052 praedictum
776 965 903 1028 modum
923 971 1029 1028 contre
1049 985 1168 1030 concu-

200 1057 331 1122 binarios
345 1059 528 1141 procedendi
544 1078 608 1121 esse
621 1056 813 1134 servandum,
829 1056 853 1118 si
868 1061 974 1136 agatur
987 1053 1026 1116 de
1038 1073 1169 1120 consue·

201 1146 303 1209 tudine
322 1148 423 1210 clerici
446 1166 516 1210 cum
540 1146 719 1210 mulieribus
739 1143 904 1226 dequibus
922 1143 1051 1206 habetur
1070 1146 1169 1210 solum

201 1235 352 1316 suspicio:
368 1237 406 1298 de
420 1237 549 1300 iisenim
564 1236 644 1299 certe
656 1235 789 1317 loquitur
802 1232 972 1296 Concilium
983 1234 1147 1298 cirmdicat
1158 1255 1168 1296 ¹:

204 1324 382 1387 «Prohibet
407 1327 517 1388 Sancta
536 1325 676 1408 Synodus
699 1323 943 1404 quibuscumque
966 1322 1103 1402 clericis,
1134 1345 1170 1388 ne

204 1433 219 1472 u
238 1413 444 1491 concubinas,
457 1420 508 1477 aut
524 1415 596 1476 alias
610 1415 770 1487 mulieres,
786 1413 824 1474 de
836 1412 947 1493 quibus
957 1413 1052 1492 possit
1066 1413 1169 1476 haberi

204 1522 220 1560 c
241 1502 383 1583 suspicio,
397 1504 429 1565 in
443 1503 535 1565 domo
549 1503 594 1567 vel
607 1509 689 1566 extra
704 1501 858 1578 detinere,
874 1509 925 1562 aut
940 1518 1010 1563 cum
1026 1501 1063 1563 iis
1077 1504 1170 1566 ullam

204 1611 220 1650 u
239 1591 491 1654 consuetudinem
515 1592 627 1656 habere
647 1591 793 1667 audrant3
810 1589 960 1670 alioquin,
978 1595 1067 1653 etc.»
1086 1625 1126 1641 -
1140 1594 1170 1656 Si

200 1681 271 1743 rard
282 1688 399 1743 constet
412 1680 450 1743 de
458 1680 656 1744 fornicatione
667 1679 844 1762 (praesertim
855 1678 989 1758 pellica)
1002 1679 1172 1762 disputetur

200 1787 239 1830 an
262 1771 434 1851 supradicte
454 1772 613 1853 processus
635 1769 732 1832 torma
750 1768 919 1830 necessario
938 1767 975 1828 sit
993 1770 1142 1832 servanda
1162 1791 1169 1832 :
1262 1819 1263 1826 ,

200 1857 303 1939 plures
317 1861 418 1937 enim,
434 1860 512 1922 inter
525 1879 603 1941 quos
619 1857 823 1933 Reiffenstuel,
839 1856 946 1919 dicunt
963 1857 1046 1938 qudd
1066 1859 1098 1920 in
1115 1859 1171 1923 hoc

199 1966 291 2022 casu,
313 1949 404 2010 etiam
428 1967 490 2012 non
508 1949 670 2031 praemissis
694 1945 914 2008 monitionibus
936 1965 1027 2027 supra
1050 1948 1170 2027 relatis,

199 2037 300 2098 statim
315 2036 492 2099 Ordincrius
507 2039 599 2119 possit
611 2035 774 2119 procedere
789 2034 826 2097 ad
841 2035 1074 2116 depositionem,
1088 2038 1172 2116 juxta

199 2130 315 2186 veteres
336 2128 523 2203 sanctiones,
542 2127 652 2208 quibus
675 2125 823 2188 contraire
844 2122 1013 2185 Concilium
1032 2125 1169 2189 Trident.

200 2229 263 2274 non
278 2214 426 2293 intendit,
441 2223 474 2278 ut
489 2215 537 2277 isli
551 2221 699 2278 asserunt.
1104 2239 1108 2244 ·

240 2302 414 2366 Consentire
428 2303 1172 2389 autemvidenturomnesquddstatimllpiscopus

200 2391 363 2472 procedere
384 2393 477 2476 possit
496 2393 533 2456 ad
554 2393 775 2475 depositionem
803 2393 826 2454 si
847 2392 914 2454 talis
936 2395 1015 2454 esset
1038 2395 1171 2476 regionis

200 2481 387 2544 consuetudo
404 2503 410 2542 :
427 2481 484 2545 hoc
498 2482 580 2544 enim
593 2481 730 2543 coneedit
744 2480 872 2562 ipsamet
882 2479 1016 2543 Trident.
1029 2483 1171 2563 Synodus

200 2568 267 2632 loco
281 2589 371 2653 supra
385 2572 493 2642 relato,
511 2591 581 2634 cum
599 2571 699 2632 statim
721 2569 800 2631 dicat
818 2588 825 2629 :
848 2589 863 2628 u
884 2569 1025 2650 Alioquin
1041 2573 1170 2652 poenisl

204 2659 333 2722 «sacris
364 2662 552 2738 canonibus,
582 2651 628 2724 vel
659 2661 779 2722 statutis
806 2659 990 2722 ecclesiarum
1025 2661 1171 2745 impositis
1260 2723 1261 2726 ,

203 2769 219 2807 ι
240 2749 446 2828 puniantur.»

238 2837 322 2900 Nutu
335 2839 450 2921 quodsi
466 2845 571 2921 agatur
584 2839 622 2902 de
637 2839 672 2900 iis
686 2838 738 2919 qui
752 2858 857 2902 curum
872 2839 986 2901 habent
1000 2843 1171 2906 animarum

199 2926 231 2987 in
246 2929 412 3008 parochiis,
429 2948 465 2990 ex
477 2929 583 2990 eodem
599 2929 712 2990 Concil.
729 2931 813 3006 (sess.
828 2933 863 2990 ‘tt
880 2946 967 3009 ,cap
981 2933 1018 3003 6,
1034 2930 1070 2993 de
1084 2929 1169 3015 rofi),

199 3016 325 3078 sufficiet
336 3019 427 3078 semel
444 3036 495 3078 eos
506 3019 671 3079 admonere
684 3024 715 3079 ut
728 3018 911 3098 castigentur
928 3036 935 3079 :
954 3021 1016 3081 «Et
1031 3021 1056 3082 si
1073 3021 1171 3084 edlruc

202 3125 219 3164 α
239 3104 459 3185 incorrigibiles
474 3106 504 3166 in
515 3109 569 3167 sut
580 3107 714 3187 nequitia
725 3111 928 3186 perseverent,
941 3124 993 3168 eos
1004 3107 1169 3185 beneficiis,

202 3215 218 3252 ι
235 3193 321 3272 juxta
338 3211 493 3256 sacrorum
508 3213 661 3257 canonum
674 3195 923 3271 constitutiones,
939 3199 1133 3280 exemptione
1145 3203 1171 3259 et
1259 3223 1260 3232 2

203 3281 439 3383 «appellatione
465 3286 658 3366 qudcumque
690 3287 806 3345 remoto
831 3304 872 3360 u,
901 3283 1020 3365 privare
1046 3290 1171 3369 possunt

198 3370 438 3524 Epppppprpdhuc
452 3461 534 3542 qudd
555 3461 744 3542 Episcopus,
761 3466 864 3524 contra
881 3461 1008 3524 clericos
1023 3463 1169 3528 concubi-

199 3547 299 3610 narios
319 3549 506 3629 procedens,
526 3557 623 3632 potest
633 3550 739 3630 judicii
759 3548 917 3612 summarii
930 3549 1062 3613 sormam
1085 3551 1169 3615 adhi-
1258 3577 1259 3646 p

199 3633 291 3700 bere:
311 3639 480 3700 Concilium
490 3640 572 3700 enim
587 3638 670 3700 Trid.
687 3642 771 3716 (sess.
789 3641 840 3715 25,
855 3655 883 3701 c.
899 3641 955 3714 lt,
971 3638 1007 3702 de
1020 3641 1096 3723 res.)
1111 3641 1168 3704 ait:

203 3745 217 3781 c
238 3723 549 3809 supradictorumque
563 3729 703 3791 omnium
717 3729 869 3810 cognitio,
887 3746 948 3789 non
964 3727 1001 3790 ad
1016 3731 1169 3793 archidia-

204 3831 219 3870 c
240 3830 332 3877 conos
343 3834 399 3878 nec
408 3815 539 3878 decenos
554 3825 605 3879 aut
616 3817 691 3878 alios
705 3817 875 3894 interiores,
888 3816 941 3880 sed
956 3817 993 3879 ad
1007 3817 1170 3901 Episcopus
