2574 4198
209 227 268 284 ult
482 231 632 274 araneum
652 229 733 274 suars
754 226 901 271 canuntur.

215 357 230 394 r
250 331 364 394 salariis
383 331 545 411 Episcopi,
560 330 605 390 rel
621 325 794 391 monasterii
807 323 857 385 alii
870 339 1007 402 personae
1021 323 1181 400 conferre,

216 444 231 482 a
251 421 369 482 irritum
382 420 419 480 sit
432 420 512 498 quod
528 418 632 480 datum
647 407 713 480 esse
726 412 928 476 eonstiterit...
942 432 958 468 n

252 511 285 569 In
299 507 357 568 hoc
368 517 468 568 aulem
485 513 518 568 ut
534 507 657 568 materia
671 509 829 568 censeatur
847 501 964 582 gravis,
980 499 1079 564 mullb
1092 503 1187 582 major

216 597 375 678 requiritur
387 596 536 674 quantitas
549 597 640 677 quam
656 595 687 655 in
702 592 781 654 lurto
798 609 806 652 ε
822 588 944 671 quidam
961 588 1069 649 volunt
1083 591 1123 652 ad
1133 590 1188 654 hoe

216 685 327 763 requiri
348 691 486 764 quartam
505 685 550 744 vel
571 684 708 765 quintam
731 685 847 763 partem
869 675 1118 757 superfluorum
1144 679 1189 741 sed

216 775 325 842 orrida,
343 771 441 851 inquit
456 774 485 833 S.
504 773 661 851 Lignorius
675 769 739 849 (ab,
755 771 817 846 lv),
833 765 942 828 sufficit
956 784 1025 846 pars
1044 767 1189 846 vigesima

216 861 253 924 ad
268 861 424 922 materiam
439 879 561 940 gravem
575 857 829 922 constituendam.

261 971 276 1008 a
289 951 428 1030 congrua
440 949 617 1010 sustentatio
626 967 688 1009 non
698 955 740 1009 est
755 945 878 1027 aequalis
888 949 1027 1024 respectu
1036 945 1190 1024 omniurn,

222 1060 238 1098 s
258 1039 328 1118 quia
347 1039 415 1116 plus
432 1038 559 1118 requirit
579 1039 745 1117 Episcopus
763 1036 855 1115 quam
876 1036 1030 1108 bacarius,
1053 1036 1192 1098 Dccanus

224 1148 238 1186 a
257 1129 349 1208 quam
363 1127 542 1199 Canonicus,
556 1127 726 1188 canonieus
738 1124 770 1184 in
785 1122 911 1184 ecclesia
926 1123 1084 1202 principali
1101 1127 1192 1204 quam
1269 1119 1270 1140 l

227 1237 238 1272 r
259 1213 426 1294 parochus,
442 1215 548 1274 debilis
561 1221 590 1274 et
604 1221 689 1274 tener
708 1214 800 1293 quam
820 1210 963 1272 robustus
981 1217 1011 1271 et
1029 1212 1153 1289 valeus,
1166 1219 1193 1274 et

224 1323 239 1360 c
258 1301 339 1381 quod
354 1301 462 1362 sufficit
477 1301 507 1362 in
523 1320 584 1362 uno
599 1301 665 1363 loco
679 1318 741 1362 non
756 1298 866 1361 suflicit
876 1300 906 1358 in
918 1298 977 1359 alio
988 1317 996 1358 τ
1008 1309 1195 1382 quapropter
1270 1295 1271 1364 l

224 1412 238 1447 a
258 1389 369 1450 attendi
384 1389 472 1450 debet
485 1390 522 1474 ad
538 1408 627 1452 usum.
641 1389 768 1451 aliorum
783 1389 929 1450 timoratae
946 1388 1145 1451 conscientiae
1164 1390 1193 1450 in

223 1499 237 1535 a
258 1477 368 1538 eodem*
378 1478 492 1558 gradu,
514 1481 572 1541 et‘c.
588 1479 651 1541 Nea
664 1477 761 1538 obstat
774 1475 857 1557 qudd
869 1475 1081 1537 beneticiarius
1096 1496 1194 1540 emer·

223 1585 238 1624 n
259 1565 329 1626 serit
341 1584 375 1626 ex
391 1565 509 1642 humili,
525 1567 690 1647 quominus
702 1565 795 1645 possit
806 1563 895 1626 statui
909 1582 964 1624 suo
978 1568 1195 1628 convenientes
1271 1631 1272 1658 1

225 1675 240 1712 a
260 1661 399 1734 sumptus
413 1655 521 1717 facere.
537 1678 552 1712 a
571 1654 673 1736 (Apud
687 1655 718 1715 S.
733 1655 812 1732 Lig.‚
828 1651 879 1713 lib.
895 1656 926 1728 t,
943 1653 1079 1733 n0182.)

259 1742 432 1820 Disputatur
446 1752 545 1804 autem
561 1761 599 1804 an
615 1741 824 1802 beneficiarius
839 1746 976 1802 teneatur
990 1741 1021 1800 in
1037 1742 1107 1820 pios
1122 1761 1194 1805 usus

219 1829 406 1910 superfluum
428 1831 577 1892 bonorum
600 1829 871 1892 ecelesiasticorum
888 1827 1065 1908 impendere
1079 1849 1118 1891 ex
1130 1834 1193 1912 Jus-

219 1918 284 1979 titia
297 1921 342 1978 vel
357 1920 455 1980 solum
470 1937 507 1980 ex
520 1921 628 1981 virtute
648 1918 822 1999 religionis,
845 1916 973 1998 proinde
995 1935 1034 1977 an
1056 1924 1195 1982 teneatur

218 2006 255 2065 ad
270 2006 489 2066 restitutionem
504 2007 527 2066 si
544 2007 693 2086 expendat
709 2009 738 2066 in
752 2024 825 2067 usus
843 2003 1001 2085 prolan0s3
1021 2005 1137 2086 duplex
1151 2020 1195 2071 est

217 2093 365 2154 sententia
380 2113 387 2153 :
398 2095 517 2174 prima,
535 2113 603 2174 quac
618 2101 662 2154 est
676 2093 761 2154 valde
774 2093 966 2155 communior
981 2093 1059 2154 inter
1074 2095 1193 2158 moder·

124 2215 133 2228 ·
221 2200 296 2256 nos,
312 2191 420 2262 negat,
436 2190 465 2242 el
478 2189 524 2242 sat
538 2183 723 2263 probabilem
739 2200 807 2243 eam
821 2191 906 2243 vocat
919 2183 950 2244 S.
968 2183 1045 2262 Ltg„
1063 2189 1191 2262 praes'er-

217 2269 271 2329 tim
286 2269 325 2350 ab
341 2271 549 2332 auctoritatem
571 2273 602 2332 S.
621 2271 765 2346 Thomae‚
787 2270 840 2350 qui
855 2270 936 2331 illam
951 2271 1147 2348 amplectitur
1161 2275 1191 2334 in

219 2355 504 2432 occultabant.
522 2363 577 2430 td,
599 2357 637 2420 ad
652 2363 691 2431 33
707 2359 783 2420 ratio
798 2362 859 2440 qut
879 2359 1030 2439 praecipue
1053 2361 1193 2424 nituntur

216 2446 310 2526 ipsius
329 2449 447 2528 patroni
462 2457 506 2508 est
519 2447 620 2528 qudd,
637 2455 704 2528 post
717 2447 894 2508 divisionem
917 2447 1068 2508 bonorum
1089 2450 1190 2513 ecele-

215 2535 404 2598 siasticorum
427 2537 458 2597 in
479 2545 608 2616 quatuor
629 2543 747 2616 partes,
773 2554 845 2616 pars.
860 2535 977 2598 clericis
991 2537 1145 2616 assignata
1159 2539 1190 2600 in

215 2623 384 2690 dominium
409 2625 481 2706 ipsis
502 2625 558 2686 luit
580 2624 649 2686 data
670 2643 677 2685 :
700 2623 782 2686 unde
802 2624 893 2685 verba
916 2624 1029 2686 Concil.
1053 2625 1187 2702 Tridenl.

219 2709 301 2793 (sess.
319 2717 375 2786 24,
388 2730 416 2774 e.
435 2716 491 2787 tt,
513 2713 708 2795 hereseon.)
732 2731 740 2773 ε
764 2733 779 2771 n
799 2713 934 2774 Privetur
956 2712 1082 2774 dimidia
1104 2722 1189 2795 parte

217 2821 233 2858 a
254 2799 407 2863 fruetuum
425 2821 502 2882 quos
523 2802 637 2864 ratione
660 2803 748 2863 etiam
770 2801 939 2881 praebendae
962 2817 997 2862 ac
1018 2802 1191 2866 residentiae

218 2909 233 2949 a
252 2890 324 2970 feeit
335 2909 410 2953 suos.
425 2912 441 2949 a
460 2892 490 2952 Si
506 2890 687 2952 beneficiarii
701 2909 767 2952 auos
781 2889 893 2952 faciunt
906 2889 1040 2964 tructus,
1057 2909 1131 2972 ergo
1146 2892 1188 2954 illi

214 2977 329 3041 tructus
344 2981 375 3040 in
390 2998 496 3042 eorum
511 2979 680 3040 dominium
694 2986 861 3042 transeunt.
974 3031 975 3034 ,
1171 3031 1173 3036 .

253 3067 391 3129 Secunda
403 3067 564 3136 sententia,
580 3085 648 3146 quae
662 3069 680 3126 a
694 3067 796 3128 multis
810 3075 998 3148 propugnata
1013 3067 1070 3130 luit
1088 3075 1119 3132 et
1138 3070 1186 3132 cui

213 3161 357 3237 tunquam
372 3155 566 3237 probabiliori
585 3154 738 3218 adbaerere
759 3155 875 3217 videtur
889 3158 920 3219 S.
937 3157 1001 3236 Lig.
1020 3157 1089 3238 (ila,
1101 3178 1137 3240 ¹q.
1154 3160 1184 3240 8)

213 3245 357 3318 affirmat,
372 3251 401 3304 et
414 3242 471 3304 hac
484 3246 598 3305 ratione
611 3244 753 3326 probatur
773 3263 780 3304 :
803 3247 880 3306 Ante
893 3244 1071 3306 divisionem
1086 3246 1184 3309 bono·

214 3351 281 3394 rum
295 3331 576 3409 ecclesiasticorum,
591 3332 691 3394 cleriei
711 3349 772 3394 non
793 3340 878 3394 erant
892 3333 1011 3395 illorum
1031 3333 1182 3398 bonorum

213 3420 346 3495 domini,
368 3426 403 3482 ut
424 3422 566 3484 omnibus
587 3426 722 3494 constan
746 3421 798 3481 sed
820 3422 946 3483 minime
970 3423 1115 3502 probatur
1136 3424 1183 3486 illa

214 3509 363 3572 bonorum
376 3510 646 3572 ecclesiasticorum
659 3507 776 3586 divisio,
791 3517 880 3590 alque
895 3509 980 3590 valde
992 3518 1036 3571 est
1050 3511 1181 3574 incerta:

213 3597 333 3660 aliunde
350 3605 486 3661 naturam
501 3606 530 3657 et
545 3597 775 3659 destinationem
792 3597 913 3660 illorum
939 3617 999 3659 non
1026 3601 1183 3679 mutavit3

214 3705 286 3766 argu
298 3704 353 3748 nec
363 3688 452 3748 etiam
463 3687 552 3748 bodie
565 3686 664 3749 clerici
678 3693 750 3747 sunt
762 3685 881 3748 illorum
892 3686 1041 3748 bonorum
1052 3687 1180 3750 domini.
