2552 4204
382 299 385 304 .
470 257 557 301 uraca
577 255 710 300 scurrus.
908 247 910 255 ⁴
1027 237 1086 300 idi)

99 353 239 418 secundo
254 373 343 427 casu,
359 373 432 418 usus
445 355 537 432 virere
550 351 705 414 bifurcata
719 356 764 412 est
783 351 864 414 certe
877 349 1092 416 diaboiieus'et

99 443 230 523 proinde
259 443 404 517 illicitus3
434 445 465 504 in
491 443 581 522 priori
611 440 696 514 verb,
715 440 954 505 examinandum
975 446 1022 505 ast
1048 461 1087 504 an

100 537 202 594 motus
217 533 398 614 contingant
422 533 617 594 uniformiter
644 548 680 592 ac
703 530 944 608 independenter
962 532 979 593 a
999 531 1090 595 certis

101 620 250 700 precibus
278 631 330 682 aut
357 621 610 684 conventionibus
635 621 719 680 mere
744 617 928 695 arbitrariis3
954 619 1089 684 sienim

101 717 262 772 moveatur
274 728 395 789 semper
407 708 704 790 virga,quando,qui
721 708 802 768 iiiam
822 714 917 781 tenet,
928 715 986 769 stat
998 728 1091 790 super

100 815 215 877 aquarn
230 806 280 860 aut
295 797 426 875 dietatis,
449 806 550 861 motus
576 798 681 860 baberi
696 797 805 877 poterit
827 803 860 858 ut
883 799 1027 858 naturalis
1040 807 1090 860 aut

100 884 263 967 physicus3
281 889 305 948 si
319 889 393 950 vord
410 907 472 949 nou
489 895 645 950 moveatur
667 887 723 947 nisi
740 886 811 966 quia
835 885 904 947 sons
925 887 969 948 vei
986 888 1091 948 metat·

101 975 166 1036 tum
181 975 405 1056 inquiritur,vei
420 968 566 1039 duntaxat
579 995 616 1036 eo
627 983 783 1036 momento
797 993 858 1056 quo
885 976 998 1055 avirgt
1008 995 1091 1056 quoe-

101 1064 177 1126 ritui·
194 1083 234 1124 an
250 1083 329 1144 aqua
343 1064 426 1141 duat,
439 1067 484 1127 vei
500 1065 655 1126 metallum
679 1063 826 1124 infossum
846 1065 884 1126 sit
906 1065 982 1125 intra
1008 1065 1090 1145 tria,

102 1153 147 1214 vel
166 1161 299 1235 quatuor
314 1163 410 1216 metra
432 1155 489 1217 sub
511 1157 611 1229 terro,
627 1172 714 1216 secus
739 1154 866 1215 immota
887 1160 1090 1234 permaneat,

102 1243 185 1303 certe
197 1249 272 1304 tunc
286 1248 387 1306 motus
398 1251 511 1306 nonest
527 1244 764 1316 naturalis,oi1m
777 1249 892 1304 natura
903 1243 1095 1306 uniformiter

103 1336 134 1392 et
157 1330 330 1394 secundum
360 1335 480 1413 regulas
507 1340 679 1396 constantes
704 1339 771 1412 agat
801 1350 809 1392 t
833 1333 972 1412 proinde,
990 1333 1021 1394 in
1034 1333 1091 1397 hoc

103 1437 274 1496 casu‚usus
287 1421 378 1502 virgae
401 1424 458 1484 erit
479 1424 562 1485 certd
577 1421 713 1484 illicitus.
727 1421 799 1482 trud
821 1421 995 1483 deterrendi
1022 1420 1093 1484 suni

104 1526 227 1590 semper
242 1509 347 1572 fideles
370 1511 408 1572 ab
426 1511 602 1590 hujusmodi
617 1510 834 1591 experimentis
857 1510 897 1571 ob
923 1511 1093 1590 periculum

103 1599 330 1679 superstitionis
343 1601 386 1662 eis
400 1600 577 1661 inherentis
593 1603 614 1660 ¹.

144 1689 215 1749 904.
240 1687 363 1758 Quaerit.
380 1692 412 1750 2·
429 1688 508 1760 Ouid
532 1686 726 1749 sentiendum
740 1687 778 1747 sit
789 1685 827 1748 de
838 1685 949 1748 tabulis
962 1690 1092 1768 gyranti·

105 1775 174 1852 bus,
183 1782 215 1836 et
229 1775 385 1856 spiritibus
399 1776 630 1858 percussoribus
640 1775 762 1857 (Tables
775 1783 959 1852 tournoutes,
969 1777 1095 1857 Esprits

108 1864 282 1947 sroppeurs)
295 1865 311 1926 ‘i

145 1957 239 2037 Resp.
257 1958 325 2017 Non
345 1955 449 2018 multis
464 1955 576 2018 abhinc
590 1955 691 2032 annis,
705 1955 820 2036 ubique
843 1953 906 2018 fore
917 1975 1017 2018 sermo
1030 1975 1093 2020 corr

108 2052 172 2106 erat
182 2045 242 2106 nisi
256 2045 294 2107 de
311 2045 515 2128 phaenomeno
527 2045 585 2107 hoo
599 2044 751 2126 stupendo
766 2063 839 2126 quo,
850 2046 990 2127 pluribus
1002 2045 1092 2108 simui

107 2133 244 2196 tabulam
258 2141 331 2196 etse
346 2135 476 2196 invicem
489 2154 542 2216 per
557 2153 684 2196 manum
711 2136 919 2216 tangentibus,
937 2136 1038 2198 tabula
1050 2135 1096 2198 sic

108 2229 247 2284 mutacta
258 2223 361 2303 ,girare
371 2223 545 2304 incipiebat,
558 2229 589 2286 et
602 2241 683 2304 saepe
698 2224 800 2298 etiam,
817 2243 871 2304 per
882 2226 1091 2305 repetitionem

109 2311 355 2374 verberationum
365 2311 472 2374 litteris
484 2312 680 2394 alphabeticis
701 2312 1021 2392 correspondentium,
1034 2331 1094 2375 res·

110 2400 265 2481 pondebat
282 2401 372 2463 variis
386 2404 605 2484 questionibus
615 2405 652 2464 ad
666 2405 763 2484 ipsam
775 2401 898 2463 directis
909 2423 917 2463 :
928 2404 991 2463 imd
1002 2404 1092 2464 etiam

110 2489 175 2552 illas
188 2491 404 2571 responsiones
431 2492 579 2554 scribebat
596 2491 697 2552 medio
713 2491 829 2571 graphii
853 2491 946 2571 ipsius
965 2490 1094 2571 pedibus

110 2577 214 2660 iltigari
227 2587 325 2660 :patet
340 2580 422 2660 qudd
444 2581 468 2643 si
490 2582 531 2642 itti
547 2581 671 2642 effectus
692 2583 793 2641 revera
807 2579 1013 2660 producantur
1027 2581 1092 2642 sine

111 2665 217 2729 fraude
226 2668 616 2748 tangentium,diabolicum
625 2670 662 2730 sit
672 2667 786 2729 dictum
800 2671 1094 2748 experimentum,ac

111 2757 242 2837 proinde
270 2757 409 2820 illicitum
426 2778 432 2820 :
449 2758 599 2819 diabolica
615 2757 725 2837 pariter
750 2767 844 2826 esset,
861 2767 893 2820 ut
907 2767 999 2838 patet,
1015 2777 1092 2819 con·

112 2847 237 2908 sultatio
246 2847 419 2928 spirituum,
432 2850 483 2928 qui
493 2855 669 2930 percertum
679 2847 1095 2908 numerumverberationum

112 2936 248 3016 quaesitis
263 2937 493 3017 responderent.

152 3028 225 3089 905.
249 3025 370 3096 Quaerit.
387 3031 420 3089 3⁰
444 3026 522 3100 Quid
551 3023 746 3089 sentiendum
773 3023 811 3086 sit
830 3024 868 3087 de
892 3025 1097 3106 magnetismo

114 3114 199 3197 quod
214 3113 325 3176 dicitur
335 3115 490 3176 animale?

146 3272 154 3296 ¹
171 3264 261 3315 Narrat
280 3264 307 3314 D.
323 3264 401 3314 Rouix
419 3263 486 3330 qubd
500 3280 528 3314 :a
545 3264 634 3314 Junior
643 3264 745 3330 quidam
758 3264 894 3316 clericus...
906 3264 1093 3330 postulavit...t

115 3363 126 3388 ι
145 3337 299 3393 confessario
322 3351 381 3386 num
394 3335 441 3386 sibi
465 3335 563 3397 liceret,
578 3337 686 3386 scientiae
699 3336 781 3394 causi,
798 3337 826 3386 ea
840 3336 965 3400 virginti.
979 3337 1097 3388 difirma-

116 3434 127 3462 ι
145 3411 195 3463 tire
211 3407 342 3474 respondit
355 3408 521 3458 confessarius
539 3409 675 3458 dummodo
687 3408 889 3472 protestationem
901 3416 987 3459 contra
1002 3411 1095 3466 diaboii

116 3503 127 3534 ι
145 3486 313 3536 interventum
332 3477 499 3546 praemitteret.
519 3479 641 3530 Praemisit
659 3479 879 3544 protestationem
900 3480 969 3547 virgei
989 3497 1092 3546 usus...;

117 3577 127 3607 ι
147 3571 194 3608 nec
202 3553 299 3604 tantiam
308 3565 385 3617 aquas
397 3554 601 3602 subterraneas...
612 3552 718 3612 detexit3
728 3553 770 3602 sed
780 3552 836 3603 edm
847 3553 921 3603 irater
933 3555 1010 3619 ipsius
1019 3570 1093 3604 unam

117 3651 128 3676 ι
146 3629 213 3680 inter
229 3624 350 3691 plurimas
363 3623 452 3673 domris
466 3631 572 3688 paternae
591 3623 672 3674 clares
691 3625 716 3673 in
735 3625 945 3692 argutoquodam
960 3625 1096 3692 superioris

119 3719 129 3749 ι
147 3700 208 3752 edis
231 3694 413 3754 abscondisset,
431 3710 502 3746 versa
515 3703 553 3746 est
569 3695 732 3760 uirgarersus
750 3699 869 3762 argutum
890 3697 976 3759 istum,
995 3703 1020 3748 et
1031 3697 1092 3750 sici

121 3792 131 3819 ι
146 3771 250 3830 pretato
259 3767 352 3818 clerieo
369 3765 445 3816 clavis
460 3773 611 3827 repertaest.
632 3785 642 3814 ι
997 3768 1041 3816 8**
