<?xml version="1.0" encoding="UTF-8"?>
<!DOCTYPE html PUBLIC "-//W3C//DTD XHTML 1.0 Transitional//EN"
    "http://www.w3.org/TR/xhtml1/DTD/xhtml1-transitional.dtd">
<html xmlns="http://www.w3.org/1999/xhtml" xml:lang="en" lang="en">
 <head>
  <title>
</title>
<meta http-equiv="Content-Type" content="text/html;charset=utf-8" />
  <meta name='ocr-system' content='tesseract 3.04.00' />
  <meta name='ocr-capabilities' content='ocr_page ocr_carea ocr_par ocr_line ocrx_word'/>
</head>
<body>
  <div class='ocr_page' id='page_1' title='image "./elementajurisca00craigoog_0357.png"; bbox 0 0 2590 4208; ppageno 0'>
   <div class='ocr_carea' id='block_1_1' title="bbox 184 287 881 350">
    <p class='ocr_par' dir='ltr' id='par_1_1' title="bbox 184 287 881 350">
     <span class='ocr_line' id='line_1_1' title="bbox 184 287 881 350; baseline -0.007 -1"><span class='ocrx_word' id='word_1_1' title='bbox 184 287 223 350; x_wconf 84' lang='grc'><strong>99</strong></span> <span class='ocrx_word' id='word_1_2' title='bbox 457 298 613 346; x_wconf 70' lang='lat' dir='ltr'><strong>rosunum</strong></span> <span class='ocrx_word' id='word_1_3' title='bbox 634 301 715 346; x_wconf 82' lang='lat' dir='ltr'><strong>rums</strong></span> <span class='ocrx_word' id='word_1_4' title='bbox 736 299 881 346; x_wconf 71' lang='lat' dir='ltr'><strong>cauomcr.</strong></span> 
     </span>
    </p>
   </div>
   <div class='ocr_carea' id='block_1_2' title="bbox 175 417 1149 1314">
    <p class='ocr_par' dir='ltr' id='par_1_2' title="bbox 181 417 1149 502">
     <span class='ocr_line' id='line_1_2' title="bbox 181 417 1149 502; baseline 0.006 -23"><span class='ocrx_word' id='word_1_5' title='bbox 181 417 334 481; x_wconf 80' lang='lat' dir='ltr'><strong>moniales</strong></span> <span class='ocrx_word' id='word_1_6' title='bbox 354 418 412 480; x_wconf 89' lang='lat' dir='ltr'><strong>sub</strong></span> <span class='ocrx_word' id='word_1_7' title='bbox 427 417 570 481; x_wconf 89' lang='lat' dir='ltr'><strong>clausura</strong></span> <span class='ocrx_word' id='word_1_8' title='bbox 587 419 692 500; x_wconf 88' lang='lat' dir='ltr'><strong>papali</strong></span> <span class='ocrx_word' id='word_1_9' title='bbox 717 418 874 498; x_wconf 85' lang='lat' dir='ltr'><strong>degentes.</strong></span> <span class='ocrx_word' id='word_1_10' title='bbox 900 417 957 500; x_wconf 91' lang='lat' dir='ltr'><strong>(lb.</strong></span> <span class='ocrx_word' id='word_1_11' title='bbox 986 429 1021 480; x_wconf 83' lang='lat' dir='ltr'><strong>n⁰</strong></span> <span class='ocrx_word' id='word_1_12' title='bbox 1042 419 1149 502; x_wconf 72' lang='lat'><strong>2839)</strong></span> 
     </span>
    </p>

    <p class='ocr_par' dir='ltr' id='par_1_3' title="bbox 176 507 1148 948">
     <span class='ocr_line' id='line_1_3' title="bbox 216 507 1148 592; baseline 0.003 -22"><span class='ocrx_word' id='word_1_13' title='bbox 216 507 298 570; x_wconf 86' lang='lat' dir='ltr'><strong>Noto</strong></span> <span class='ocrx_word' id='word_1_14' title='bbox 321 507 408 589; x_wconf 89' lang='lat' dir='ltr'><strong>qood</strong></span> <span class='ocrx_word' id='word_1_15' title='bbox 430 508 583 570; x_wconf 83' lang='lat' dir='ltr'><strong>moniales</strong></span> <span class='ocrx_word' id='word_1_16' title='bbox 606 508 652 570; x_wconf 87' lang='lat' dir='ltr'><strong>uti</strong></span> <span class='ocrx_word' id='word_1_17' title='bbox 674 514 833 588; x_wconf 83' lang='lat' dir='ltr'>nequeant</span> <span class='ocrx_word' id='word_1_18' title='bbox 854 507 1076 576; x_wconf 83' lang='lat' dir='ltr'><strong>confessionali</strong></span> <span class='ocrx_word' id='word_1_19' title='bbox 1091 528 1148 592; x_wconf 94' lang='lat' dir='ltr'><strong>pro</strong></span> 
     </span>
     <span class='ocr_line' id='line_1_4' title="bbox 177 595 1148 679; baseline 0.002 -21"><span class='ocrx_word' id='word_1_20' title='bbox 177 596 341 674; x_wconf 86' lang='lat' dir='ltr'><strong>locutorio,</strong></span> <span class='ocrx_word' id='word_1_21' title='bbox 363 615 422 660; x_wconf 88' lang='lat' dir='ltr'><strong>nec</strong></span> <span class='ocrx_word' id='word_1_22' title='bbox 436 597 672 660; x_wconf 85' lang='lat' dir='ltr'><strong>communionis</strong></span> <span class='ocrx_word' id='word_1_23' title='bbox 691 595 852 661; x_wconf 77' lang='lat' dir='ltr'><strong>fenestella</strong></span> <span class='ocrx_word' id='word_1_24' title='bbox 861 618 870 673; x_wconf 91' lang='lat'>;</span> <span class='ocrx_word' id='word_1_25' title='bbox 888 599 962 660; x_wconf 85' lang='lat' dir='ltr'><strong>item</strong></span> <span class='ocrx_word' id='word_1_26' title='bbox 978 597 1066 679; x_wconf 88' lang='lat' dir='ltr'><strong>quod</strong></span> <span class='ocrx_word' id='word_1_27' title='bbox 1080 599 1148 661; x_wconf 92' lang='lat' dir='ltr'><strong>col·</strong></span> 
     </span>
     <span class='ocr_line' id='line_1_5' title="bbox 177 684 1145 770; baseline 0.005 -25"><span class='ocrx_word' id='word_1_28' title='bbox 177 684 365 748; x_wconf 91' lang='lat' dir='ltr'><strong>locutorium</strong></span> <span class='ocrx_word' id='word_1_29' title='bbox 381 687 413 748; x_wconf 90' lang='lat' dir='ltr'><strong>in</strong></span> <span class='ocrx_word' id='word_1_30' title='bbox 433 686 572 750; x_wconf 88' lang='lat' dir='ltr'><strong>secundo</strong></span> <span class='ocrx_word' id='word_1_31' title='bbox 585 687 683 770; x_wconf 91' lang='lat' dir='ltr'><strong>plano</strong></span> <span class='ocrx_word' id='word_1_32' title='bbox 703 705 769 748; x_wconf 90' lang='lat' dir='ltr'><strong>esse</strong></span> <span class='ocrx_word' id='word_1_33' title='bbox 786 705 850 750; x_wconf 93' lang='lat' dir='ltr'><strong>non</strong></span> <span class='ocrx_word' id='word_1_34' title='bbox 866 686 997 760; x_wconf 60' lang='lat' dir='ltr'><strong>debean</strong></span> <span class='ocrx_word' id='word_1_35' title='bbox 1015 695 1046 750; x_wconf 89' lang='lat' dir='ltr'><strong>et</strong></span> <span class='ocrx_word' id='word_1_36' title='bbox 1060 687 1145 768; x_wconf 89' lang='lat' dir='ltr'><strong>quod</strong></span> 
     </span>
     <span class='ocr_line' id='line_1_6' title="bbox 177 774 1146 860; baseline 0.002 -22"><span class='ocrx_word' id='word_1_37' title='bbox 177 783 349 838; x_wconf 89' lang='lat' dir='ltr'><strong>conventus</strong></span> <span class='ocrx_word' id='word_1_38' title='bbox 362 774 503 838; x_wconf 80' lang='lat' dir='ltr'><strong>fenestrae</strong></span> <span class='ocrx_word' id='word_1_39' title='bbox 516 776 558 838; x_wconf 90' lang='lat' dir='ltr'><strong>ita</strong></span> <span class='ocrx_word' id='word_1_40' title='bbox 574 775 710 838; x_wconf 87' lang='lat' dir='ltr'><strong>debeant</strong></span> <span class='ocrx_word' id='word_1_41' title='bbox 727 794 794 839; x_wconf 90' lang='lat' dir='ltr'><strong>esse</strong></span> <span class='ocrx_word' id='word_1_42' title='bbox 806 775 964 860; x_wconf 79' lang='lat' dir='ltr'><strong>dispositae</strong></span> <span class='ocrx_word' id='word_1_43' title='bbox 977 787 1011 838; x_wconf 89' lang='lat' dir='ltr'><strong>ut</strong></span> <span class='ocrx_word' id='word_1_44' title='bbox 1026 795 1085 839; x_wconf 92' lang='lat' dir='ltr'><strong>nec</strong></span> <span class='ocrx_word' id='word_1_45' title='bbox 1099 777 1146 840; x_wconf 84' lang='lat' dir='ltr'><strong>vi-</strong></span> 
     </span>
     <span class='ocr_line' id='line_1_7' title="bbox 176 865 1022 948; baseline -0.005 -16"><span class='ocrx_word' id='word_1_46' title='bbox 176 869 248 932; x_wconf 88' lang='lat' dir='ltr'><strong>dere</strong></span> <span class='ocrx_word' id='word_1_47' title='bbox 260 875 382 930; x_wconf 85' lang='lat' dir='ltr'><strong>exteros</strong></span> <span class='ocrx_word' id='word_1_48' title='bbox 396 885 454 928; x_wconf 90' lang='lat' dir='ltr'><strong>nec</strong></span> <span class='ocrx_word' id='word_1_49' title='bbox 467 866 507 927; x_wconf 88' lang='lat' dir='ltr'><strong>ab</strong></span> <span class='ocrx_word' id='word_1_50' title='bbox 522 866 599 948; x_wconf 89' lang='lat' dir='ltr'><strong>ipsis</strong></span> <span class='ocrx_word' id='word_1_51' title='bbox 611 865 707 928; x_wconf 88' lang='lat' dir='ltr'><strong>videri</strong></span> <span class='ocrx_word' id='word_1_52' title='bbox 723 867 843 948; x_wconf 82' lang='lat' dir='ltr'><strong>possint</strong></span> <span class='ocrx_word' id='word_1_53' title='bbox 857 867 1022 929; x_wconf 78' lang='lat' dir='ltr'><strong>moniales.</strong></span> 
     </span>
    </p>

    <p class='ocr_par' dir='ltr' id='par_1_4' title="bbox 175 955 1145 1314">
     <span class='ocr_line' id='line_1_8' title="bbox 214 955 1145 1030; baseline -0.004 -8"><span class='ocrx_word' id='word_1_54' title='bbox 214 957 392 1022; x_wconf 79' lang='lat' dir='ltr'><strong>Notandum</strong></span> <span class='ocrx_word' id='word_1_55' title='bbox 409 956 512 1020; x_wconf 87' lang='lat' dir='ltr'><strong>adhuc</strong></span> <span class='ocrx_word' id='word_1_56' title='bbox 525 961 571 1020; x_wconf 82' lang='lat' dir='ltr'><strong>est</strong></span> <span class='ocrx_word' id='word_1_57' title='bbox 586 973 649 1020; x_wconf 94' lang='lat' dir='ltr'><strong>non</strong></span> <span class='ocrx_word' id='word_1_58' title='bbox 665 955 779 1018; x_wconf 90' lang='lat' dir='ltr'><strong>debere</strong></span> <span class='ocrx_word' id='word_1_59' title='bbox 794 956 957 1030; x_wconf 84' lang='lat' dir='ltr'><strong>moniales,</strong></span> <span class='ocrx_word' id='word_1_60' title='bbox 970 957 1038 1018; x_wconf 92' lang='lat' dir='ltr'><strong>sine</strong></span> <span class='ocrx_word' id='word_1_61' title='bbox 1049 956 1145 1019; x_wconf 90' lang='lat' dir='ltr'><strong>licen·</strong></span> 
     </span>
     <span class='ocr_line' id='line_1_9' title="bbox 175 1045 1145 1127; baseline -0.006 -11"><span class='ocrx_word' id='word_1_62' title='bbox 175 1054 229 1127; x_wconf 85' lang='lat' dir='ltr'><strong>tia,</strong></span> <span class='ocrx_word' id='word_1_63' title='bbox 246 1052 366 1114; x_wconf 75' lang='lat' dir='ltr'><strong>litteras</strong></span> <span class='ocrx_word' id='word_1_64' title='bbox 381 1047 515 1110; x_wconf 90' lang='lat' dir='ltr'><strong>scribere</strong></span> <span class='ocrx_word' id='word_1_65' title='bbox 530 1055 584 1109; x_wconf 88' lang='lat' dir='ltr'><strong>aut</strong></span> <span class='ocrx_word' id='word_1_66' title='bbox 598 1047 747 1125; x_wconf 75' lang='lat' dir='ltr'><strong>accipere,</strong></span> <span class='ocrx_word' id='word_1_67' title='bbox 766 1045 955 1126; x_wconf 85' lang='lat' dir='ltr'><strong>easdemque</strong></span> <span class='ocrx_word' id='word_1_68' title='bbox 976 1047 1076 1108; x_wconf 87' lang='lat' dir='ltr'><strong>teneri</strong></span> <span class='ocrx_word' id='word_1_69' title='bbox 1092 1065 1145 1110; x_wconf 86' lang='lat' dir='ltr'><strong>su·</strong></span> 
     </span>
     <span class='ocr_line' id='line_1_10' title="bbox 176 1135 1145 1224; baseline -0.006 -20"><span class='ocrx_word' id='word_1_70' title='bbox 176 1141 348 1224; x_wconf 86' lang='lat' dir='ltr'><strong>perierissae</strong></span> <span class='ocrx_word' id='word_1_71' title='bbox 363 1136 538 1201; x_wconf 87' lang='lat' dir='ltr'><strong>ostendere.</strong></span> <span class='ocrx_word' id='word_1_72' title='bbox 558 1135 758 1216; x_wconf 83' lang='lat' dir='ltr'><strong>Excipiendae</strong></span> <span class='ocrx_word' id='word_1_73' title='bbox 771 1146 843 1198; x_wconf 83' lang='lat' dir='ltr'><strong>sunt</strong></span> <span class='ocrx_word' id='word_1_74' title='bbox 860 1143 964 1197; x_wconf 89' lang='lat' dir='ltr'><strong>tamen</strong></span> <span class='ocrx_word' id='word_1_75' title='bbox 980 1137 1094 1200; x_wconf 71' lang='lat' dir='ltr'><strong>litteras</strong></span> <span class='ocrx_word' id='word_1_76' title='bbox 1106 1136 1145 1198; x_wconf 84' lang='lat' dir='ltr'><strong>ad</strong></span> 
     </span>
     <span class='ocr_line' id='line_1_11' title="bbox 175 1225 882 1314; baseline -0.007 -19"><span class='ocrx_word' id='word_1_77' title='bbox 175 1232 366 1314; x_wconf 77' lang='lat' dir='ltr'><strong>Episcopum</strong></span> <span class='ocrx_word' id='word_1_78' title='bbox 381 1229 429 1290; x_wconf 82' lang='lat' dir='ltr'><strong>uel</strong></span> <span class='ocrx_word' id='word_1_79' title='bbox 447 1226 485 1288; x_wconf 89' lang='lat' dir='ltr'><strong>ad</strong></span> <span class='ocrx_word' id='word_1_80' title='bbox 505 1225 731 1288; x_wconf 84' lang='lat' dir='ltr'><strong>confessarium</strong></span> <span class='ocrx_word' id='word_1_81' title='bbox 750 1225 882 1306; x_wconf 79' lang='lat' dir='ltr'><strong>scripte.</strong></span> 
     </span>
    </p>
   </div>
   <div class='ocr_carea' id='block_1_3' title="bbox 487 1369 829 1600">
    <p class='ocr_par' dir='ltr' id='par_1_5' title="bbox 487 1369 829 1600">
     <span class='ocr_line' id='line_1_12' title="bbox 618 1369 704 1454; baseline 0.035 -21"><span class='ocrx_word' id='word_1_82' title='bbox 618 1369 633 1454; x_wconf 66' lang='grc' dir='ltr'>ξ</span> <span class='ocrx_word' id='word_1_83' title='bbox 655 1371 704 1436; x_wconf 82' lang='lat' dir='ltr'><strong>Vl.</strong></span> 
     </span>
     <span class='ocr_line' id='line_1_13' title="bbox 487 1517 829 1600; baseline 0.006 -19"><span class='ocrx_word' id='word_1_84' title='bbox 487 1517 645 1600; x_wconf 77' lang='lat' dir='ltr'><strong>Rclr&#39;pz‘osa‘s</strong></span> <span class='ocrx_word' id='word_1_85' title='bbox 664 1517 829 1598; x_wconf 76' lang='lat' dir='ltr'><strong>prohibitu.</strong></span> 
     </span>
    </p>
   </div>
   <div class='ocr_carea' id='block_1_4' title="bbox 170 1657 1148 2014">
    <p class='ocr_par' dir='ltr' id='par_1_6' title="bbox 170 1657 1148 2014">
     <span class='ocr_line' id='line_1_14' title="bbox 215 1657 1147 1746; baseline -0.011 -13"><span class='ocrx_word' id='word_1_86' title='bbox 215 1671 283 1732; x_wconf 90' lang='grc'>998.</span> <span class='ocrx_word' id='word_1_87' title='bbox 308 1665 484 1730; x_wconf 81' lang='lat' dir='ltr'><strong>Generatim</strong></span> <span class='ocrx_word' id='word_1_88' title='bbox 501 1681 572 1746; x_wconf 88' lang='lat' dir='ltr'><strong>quae</strong></span> <span class='ocrx_word' id='word_1_89' title='bbox 595 1661 717 1725; x_wconf 82' lang='lat' dir='ltr'><strong>clericis</strong></span> <span class='ocrx_word' id='word_1_90' title='bbox 739 1657 966 1737; x_wconf 78' lang='lat' dir='ltr'><strong>prohibentur,</strong></span> <span class='ocrx_word' id='word_1_91' title='bbox 991 1659 1147 1738; x_wconf 82' lang='lat' dir='ltr'><strong>religiosis</strong></span> 
     </span>
     <span class='ocr_line' id='line_1_15' title="bbox 170 1747 1148 1841; baseline -0.012 -17"><span class='ocrx_word' id='word_1_92' title='bbox 170 1763 270 1826; x_wconf 85' lang='lat' dir='ltr'><strong>etiam</strong></span> <span class='ocrx_word' id='word_1_93' title='bbox 285 1769 358 1824; x_wconf 88' lang='lat' dir='ltr'><strong>sunt</strong></span> <span class='ocrx_word' id='word_1_94' title='bbox 374 1755 529 1841; x_wconf 86' lang='lat' dir='ltr'><strong>prohibita</strong></span> <span class='ocrx_word' id='word_1_95' title='bbox 546 1772 554 1818; x_wconf 91' lang='lat'><strong>:</strong></span> <span class='ocrx_word' id='word_1_96' title='bbox 571 1751 654 1816; x_wconf 89' lang='lat' dir='ltr'><strong>unde</strong></span> <span class='ocrx_word' id='word_1_97' title='bbox 669 1749 825 1812; x_wconf 88' lang='lat' dir='ltr'><strong>abstinere</strong></span> <span class='ocrx_word' id='word_1_98' title='bbox 840 1766 872 1810; x_wconf 88' lang='lat' dir='ltr'><strong>se</strong></span> <span class='ocrx_word' id='word_1_99' title='bbox 886 1747 1002 1810; x_wconf 85' lang='lat' dir='ltr'><strong>debent</strong></span> <span class='ocrx_word' id='word_1_100' title='bbox 1025 1751 1066 1810; x_wconf 91' lang='lat' dir='ltr'><strong>ab</strong></span> <span class='ocrx_word' id='word_1_101' title='bbox 1080 1750 1148 1813; x_wconf 84' lang='lat' dir='ltr'><strong>offi-</strong></span> 
     </span>
     <span class='ocr_line' id='line_1_16' title="bbox 175 1838 1147 1925; baseline -0.012 -11"><span class='ocrx_word' id='word_1_102' title='bbox 175 1853 242 1925; x_wconf 87' lang='lat' dir='ltr'><strong>ciis,</strong></span> <span class='ocrx_word' id='word_1_103' title='bbox 268 1851 399 1924; x_wconf 88' lang='lat' dir='ltr'><strong>artibus,</strong></span> <span class='ocrx_word' id='word_1_104' title='bbox 421 1844 596 1910; x_wconf 89' lang='lat' dir='ltr'><strong>actionibus</strong></span> <span class='ocrx_word' id='word_1_105' title='bbox 617 1858 688 1924; x_wconf 74' lang='lat' dir='ltr'><strong>quaa</strong></span> <span class='ocrx_word' id='word_1_106' title='bbox 707 1839 828 1902; x_wconf 84' lang='lat' dir='ltr'><strong>clericis</strong></span> <span class='ocrx_word' id='word_1_107' title='bbox 850 1844 1006 1901; x_wconf 86' lang='lat' dir='ltr'><strong>velantur.</strong></span> <span class='ocrx_word' id='word_1_108' title='bbox 1033 1838 1147 1902; x_wconf 89' lang='lat' dir='ltr'><strong>Omnia</strong></span> 
     </span>
     <span class='ocr_line' id='line_1_17' title="bbox 176 1925 1147 2014; baseline -0.014 -11"><span class='ocrx_word' id='word_1_109' title='bbox 176 1943 244 2003; x_wconf 89' lang='lat' dir='ltr'><strong>lraec</strong></span> <span class='ocrx_word' id='word_1_110' title='bbox 269 1937 524 2002; x_wconf 84' lang='lat' dir='ltr'><strong>enumeravimus</strong></span> <span class='ocrx_word' id='word_1_111' title='bbox 549 1949 646 2014; x_wconf 88' lang='lat' dir='ltr'><strong>supra</strong></span> <span class='ocrx_word' id='word_1_112' title='bbox 680 1925 852 2011; x_wconf 74' lang='lat' dir='ltr'><strong>(lico-648).</strong></span> <span class='ocrx_word' id='word_1_113' title='bbox 875 1929 911 1991; x_wconf 90' lang='lat' dir='ltr'><strong>V.</strong></span> <span class='ocrx_word' id='word_1_114' title='bbox 933 1927 1065 2008; x_wconf 85' lang='lat' dir='ltr'><strong>insuper</strong></span> <span class='ocrx_word' id='word_1_115' title='bbox 1090 1929 1147 1990; x_wconf 84' lang='lat' dir='ltr'><strong>Des</strong></span> 
     </span>
    </p>
   </div>
   <div class='ocr_carea' id='block_1_5' title="bbox 157 2019 1148 2188">
    <p class='ocr_par' dir='ltr' id='par_1_7' title="bbox 157 2019 1148 2188">
     <span class='ocr_line' id='line_1_18' title="bbox 157 2019 891 2099; baseline -0.02 -6"><span class='ocrx_word' id='word_1_116' title='bbox 157 2055 160 2060; x_wconf 92' lang='lat'>·</span> <span class='ocrx_word' id='word_1_117' title='bbox 178 2031 399 2094; x_wconf 66' lang='lat' dir='ltr'><strong>Commorientes</strong></span> <span class='ocrx_word' id='word_1_118' title='bbox 413 2028 430 2088; x_wconf 88' lang='grc' dir='ltr'><em>ἀ</em></span> <span class='ocrx_word' id='word_1_119' title='bbox 445 2044 531 2088; x_wconf 79' lang='lat' dir='ltr'><strong>voeuc</strong></span> <span class='ocrx_word' id='word_1_120' title='bbox 543 2020 671 2099; x_wconf 78' lang='lat' dir='ltr'><strong>simplos,</strong></span> <span class='ocrx_word' id='word_1_121' title='bbox 688 2019 729 2080; x_wconf 67' lang='lat' dir='ltr'><strong>nn</strong></span> <span class='ocrx_word' id='word_1_122' title='bbox 750 2021 818 2087; x_wconf 78' lang='lat'><strong>579,</strong></span> <span class='ocrx_word' id='word_1_123' title='bbox 833 2025 891 2080; x_wconf 85' lang='lat' dir='ltr'><strong>etc.</strong></span> 
     </span>
     <span class='ocr_line' id='line_1_19' title="bbox 216 2106 1148 2188; baseline -0.013 -7"><span class='ocrx_word' id='word_1_124' title='bbox 216 2121 419 2181; x_wconf 89' lang='lat' dir='ltr'><strong>Immemores</strong></span> <span class='ocrx_word' id='word_1_125' title='bbox 434 2133 500 2178; x_wconf 90' lang='lat' dir='ltr'><strong>esse</strong></span> <span class='ocrx_word' id='word_1_126' title='bbox 515 2131 576 2176; x_wconf 91' lang='lat' dir='ltr'><strong>non</strong></span> <span class='ocrx_word' id='word_1_127' title='bbox 593 2111 708 2172; x_wconf 88' lang='lat' dir='ltr'><strong>debent</strong></span> <span class='ocrx_word' id='word_1_128' title='bbox 724 2107 861 2188; x_wconf 83' lang='lat' dir='ltr'><strong>religiosi</strong></span> <span class='ocrx_word' id='word_1_129' title='bbox 874 2106 1041 2187; x_wconf 88' lang='lat' dir='ltr'><strong>utriusque</strong></span> <span class='ocrx_word' id='word_1_130' title='bbox 1056 2125 1148 2170; x_wconf 82' lang='lat' dir='ltr'><strong>sexus</strong></span> 
     </span>
    </p>
   </div>
   <div class='ocr_carea' id='block_1_6' title="bbox 175 2202 1148 2374">
    <p class='ocr_par' dir='ltr' id='par_1_8' title="bbox 175 2202 1148 2374">
     <span class='ocr_line' id='line_1_20' title="bbox 175 2202 1148 2290; baseline -0.012 -19"><span class='ocrx_word' id='word_1_131' title='bbox 175 2209 266 2290; x_wconf 80' lang='lat' dir='ltr'><strong>quod&#39;</strong></span> <span class='ocrx_word' id='word_1_132' title='bbox 276 2226 341 2270; x_wconf 88' lang='lat' dir='ltr'><strong>esse</strong></span> <span class='ocrx_word' id='word_1_133' title='bbox 356 2211 533 2287; x_wconf 81' lang='lat' dir='ltr'><strong>nequeant,</strong></span> <span class='ocrx_word' id='word_1_134' title='bbox 548 2202 641 2263; x_wconf 87' lang='lat' dir='ltr'><strong>etiam</strong></span> <span class='ocrx_word' id='word_1_135' title='bbox 657 2217 712 2282; x_wconf 93' lang='lat' dir='ltr'><strong>per</strong></span> <span class='ocrx_word' id='word_1_136' title='bbox 731 2205 990 2280; x_wconf 87' lang='lat' dir='ltr'><strong>procuratorem,</strong></span> <span class='ocrx_word' id='word_1_137' title='bbox 1015 2213 1148 2279; x_wconf 91' lang='lat' dir='ltr'><strong>compa-</strong></span> 
     </span>
     <span class='ocr_line' id='line_1_21' title="bbox 175 2287 841 2374; baseline -0.02 -13"><span class='ocrx_word' id='word_1_138' title='bbox 175 2308 237 2361; x_wconf 87' lang='lat' dir='ltr'><strong>tres</strong></span> <span class='ocrx_word' id='word_1_139' title='bbox 251 2308 281 2361; x_wconf 92' lang='lat' dir='ltr'><strong>et</strong></span> <span class='ocrx_word' id='word_1_140' title='bbox 296 2304 493 2360; x_wconf 88' lang='lat' dir='ltr'><strong>commatres.</strong></span> <span class='ocrx_word' id='word_1_141' title='bbox 513 2291 675 2374; x_wconf 83' lang='lat' dir='ltr'><strong>(Manuale,</strong></span> <span class='ocrx_word' id='word_1_142' title='bbox 690 2287 841 2368; x_wconf 70' lang='grc'>1109866.)</span> 
     </span>
    </p>
   </div>
   <div class='ocr_carea' id='block_1_7' title="bbox 335 2433 1080 2656">
    <p class='ocr_par' dir='ltr' id='par_1_9' title="bbox 335 2433 1080 2656">
     <span class='ocr_line' id='line_1_22' title="bbox 576 2433 706 2513; baseline -0.031 -13"><span class='ocrx_word' id='word_1_143' title='bbox 576 2507 579 2513; x_wconf 23' lang='lat'><strong>¹</strong></span> <span class='ocrx_word' id='word_1_144' title='bbox 605 2433 706 2508; x_wconf 74' lang='lat' dir='ltr'><strong>§lli</strong></span> 
     </span>
     <span class='ocr_line' id='line_1_23' title="bbox 335 2569 1080 2656; baseline -0.021 -12"><span class='ocrx_word' id='word_1_145' title='bbox 335 2583 440 2651; x_wconf 84' lang='lat' dir='ltr'><strong>Plures</strong></span> <span class='ocrx_word' id='word_1_146' title='bbox 461 2579 531 2640; x_wconf 78' lang='lat' dir='ltr'><strong>olt&#39;oe</strong></span> <span class='ocrx_word' id='word_1_147' title='bbox 552 2574 760 2656; x_wconf 74' lang='lat' dir='ltr'><strong>religiosorum</strong></span> <span class='ocrx_word' id='word_1_148' title='bbox 779 2569 980 2650; x_wconf 69' lang='lat' dir='ltr'><strong>obligationes.</strong></span> <span class='ocrx_word' id='word_1_149' title='bbox 1078 2649 1080 2654; x_wconf 23' lang='grc' dir='ltr'>Ι</span> 
     </span>
    </p>
   </div>
   <div class='ocr_carea' id='block_1_8' title="bbox 94 2697 1152 3857">
    <p class='ocr_par' dir='ltr' id='par_1_10' title="bbox 175 2697 1150 3332">
     <span class='ocr_line' id='line_1_24' title="bbox 214 2697 1148 2778; baseline -0.019 0"><span class='ocrx_word' id='word_1_150' title='bbox 214 2713 283 2778; x_wconf 93' lang='grc'>999.</span> <span class='ocrx_word' id='word_1_151' title='bbox 309 2713 331 2776; x_wconf 92' lang='lat'><strong>1.</strong></span> <span class='ocrx_word' id='word_1_152' title='bbox 356 2711 614 2776; x_wconf 79' lang='lat' dir='ltr'><strong>Sacaausuronuu</strong></span> <span class='ocrx_word' id='word_1_153' title='bbox 628 2715 861 2774; x_wconf 80' lang='lat' dir='ltr'><strong>rnuouenrarro.</strong></span> <span class='ocrx_word' id='word_1_154' title='bbox 882 2697 924 2760; x_wconf 89' lang='lat' dir='ltr'><strong>Dc</strong></span> <span class='ocrx_word' id='word_1_155' title='bbox 938 2715 974 2759; x_wconf 90' lang='lat' dir='ltr'><strong>ea</strong></span> <span class='ocrx_word' id='word_1_156' title='bbox 989 2697 1035 2760; x_wconf 89' lang='lat' dir='ltr'><strong>sic</strong></span> <span class='ocrx_word' id='word_1_157' title='bbox 1050 2697 1148 2761; x_wconf 91' lang='lat' dir='ltr'><strong>habet</strong></span> 
     </span>
     <span class='ocr_line' id='line_1_25' title="bbox 175 2787 1148 2872; baseline -0.018 -4"><span class='ocrx_word' id='word_1_158' title='bbox 175 2805 258 2869; x_wconf 76' lang='lat' dir='ltr'><strong>l&#39;rid.</strong></span> <span class='ocrx_word' id='word_1_159' title='bbox 285 2823 292 2867; x_wconf 92' lang='lat'><strong>:</strong></span> <span class='ocrx_word' id='word_1_160' title='bbox 314 2824 328 2862; x_wconf 82' lang='lat' dir='ltr'><strong>o</strong></span> <span class='ocrx_word' id='word_1_161' title='bbox 348 2798 520 2864; x_wconf 84' lang='lat' dir='ltr'><strong>Attendant</strong></span> <span class='ocrx_word' id='word_1_162' title='bbox 533 2795 699 2872; x_wconf 87' lang='lat' dir='ltr'><strong>diligenter</strong></span> <span class='ocrx_word' id='word_1_163' title='bbox 714 2787 860 2870; x_wconf 84' lang='lat' dir='ltr'><strong>Episcopi</strong></span> <span class='ocrx_word' id='word_1_164' title='bbox 880 2795 909 2852; x_wconf 88' lang='lat' dir='ltr'><strong>et</strong></span> <span class='ocrx_word' id='word_1_165' title='bbox 930 2787 1033 2850; x_wconf 81' lang='lat' dir='ltr'><strong>caeteri</strong></span> <span class='ocrx_word' id='word_1_166' title='bbox 1049 2805 1148 2868; x_wconf 91' lang='lat' dir='ltr'><strong>supe-</strong></span> 
     </span>
     <span class='ocr_line' id='line_1_26' title="bbox 175 2876 1148 2958; baseline -0.016 -4"><span class='ocrx_word' id='word_1_167' title='bbox 175 2919 189 2954; x_wconf 70' lang='grc' dir='ltr'>υ</span> <span class='ocrx_word' id='word_1_168' title='bbox 215 2895 312 2958; x_wconf 80' lang='lat' dir='ltr'><strong>riores</strong></span> <span class='ocrx_word' id='word_1_169' title='bbox 336 2887 600 2955; x_wconf 89' lang='lat' dir='ltr'><strong>monasteriorum</strong></span> <span class='ocrx_word' id='word_1_170' title='bbox 615 2877 921 2953; x_wconf 87' lang='lat' dir='ltr'><strong>sanctimonialium,</strong></span> <span class='ocrx_word' id='word_1_171' title='bbox 938 2885 973 2937; x_wconf 92' lang='lat' dir='ltr'><strong>ut</strong></span> <span class='ocrx_word' id='word_1_172' title='bbox 987 2877 1018 2936; x_wconf 90' lang='lat' dir='ltr'><strong>in</strong></span> <span class='ocrx_word' id='word_1_173' title='bbox 1035 2876 1148 2938; x_wconf 86' lang='lat' dir='ltr'><strong>consti-</strong></span> 
     </span>
     <span class='ocr_line' id='line_1_27' title="bbox 175 2964 1149 3048; baseline -0.017 -4"><span class='ocrx_word' id='word_1_174' title='bbox 175 3008 189 3044; x_wconf 77' lang='lat'>»</span> <span class='ocrx_word' id='word_1_175' title='bbox 216 2981 392 3048; x_wconf 86' lang='lat' dir='ltr'><strong>tutionibus</strong></span> <span class='ocrx_word' id='word_1_176' title='bbox 412 2973 763 3039; x_wconf 86' lang='lat' dir='ltr'><strong>earumadmoncantur</strong></span> <span class='ocrx_word' id='word_1_177' title='bbox 792 2964 1067 3042; x_wconf 83' lang='lat' dir='ltr'><strong>sanctimoniales,</strong></span> <span class='ocrx_word' id='word_1_178' title='bbox 1096 2975 1149 3044; x_wconf 88' lang='lat' dir='ltr'><strong>ut,</strong></span> 
     </span>
     <span class='ocr_line' id='line_1_28' title="bbox 176 3053 1150 3143; baseline -0.015 -12"><span class='ocrx_word' id='word_1_179' title='bbox 176 3097 189 3131; x_wconf 75' lang='lat' dir='ltr'><strong>n</strong></span> <span class='ocrx_word' id='word_1_180' title='bbox 217 3073 328 3136; x_wconf 88' lang='lat' dir='ltr'><strong>saltem</strong></span> <span class='ocrx_word' id='word_1_181' title='bbox 343 3065 439 3129; x_wconf 88' lang='lat' dir='ltr'><strong>semel</strong></span> <span class='ocrx_word' id='word_1_182' title='bbox 453 3061 586 3143; x_wconf 88' lang='lat' dir='ltr'><strong>singulis</strong></span> <span class='ocrx_word' id='word_1_183' title='bbox 600 3057 773 3132; x_wconf 89' lang='lat' dir='ltr'><strong>mensibus,</strong></span> <span class='ocrx_word' id='word_1_184' title='bbox 790 3053 1018 3116; x_wconf 84' lang='lat' dir='ltr'><strong>confessionem</strong></span> <span class='ocrx_word' id='word_1_185' title='bbox 1033 3071 1150 3134; x_wconf 87' lang='lat' dir='ltr'><strong>pecca·</strong></span> 
     </span>
     <span class='ocr_line' id='line_1_29' title="bbox 176 3142 1150 3226; baseline -0.02 -1"><span class='ocrx_word' id='word_1_186' title='bbox 176 3186 189 3224; x_wconf 83' lang='lat' dir='ltr'><strong>o</strong></span> <span class='ocrx_word' id='word_1_187' title='bbox 216 3172 321 3224; x_wconf 89' lang='lat' dir='ltr'><strong>torum</strong></span> <span class='ocrx_word' id='word_1_188' title='bbox 339 3157 471 3226; x_wconf 86' lang='lat' dir='ltr'><strong>iaciant,</strong></span> <span class='ocrx_word' id='word_1_189' title='bbox 492 3162 521 3212; x_wconf 92' lang='lat' dir='ltr'><strong>et</strong></span> <span class='ocrx_word' id='word_1_190' title='bbox 542 3155 771 3212; x_wconf 86' lang='lat' dir='ltr'><strong>sacrosanctam</strong></span> <span class='ocrx_word' id='word_1_191' title='bbox 794 3142 1027 3204; x_wconf 85' lang='lat' dir='ltr'><strong>Eucharistiam</strong></span> <span class='ocrx_word' id='word_1_192' title='bbox 1047 3144 1150 3206; x_wconf 86' lang='lat' dir='ltr'><strong>susci·</strong></span> 
     </span>
     <span class='ocr_line' id='line_1_30' title="bbox 179 3229 905 3332; baseline -0.029 -20"><span class='ocrx_word' id='word_1_193' title='bbox 179 3312 183 3322; x_wconf 72' lang='lat'><strong>,</strong></span> <span class='ocrx_word' id='word_1_194' title='bbox 215 3251 314 3332; x_wconf 89' lang='lat' dir='ltr'><strong>piant.</strong></span> <span class='ocrx_word' id='word_1_195' title='bbox 338 3267 352 3305; x_wconf 85' lang='lat' dir='ltr'><strong>r</strong></span> <span class='ocrx_word' id='word_1_196' title='bbox 373 3244 466 3327; x_wconf 88' lang='lat' dir='ltr'><strong>(Sess.</strong></span> <span class='ocrx_word' id='word_1_197' title='bbox 481 3239 573 3313; x_wconf 81' lang='lat' dir='ltr'><strong>XXV,</strong></span> <span class='ocrx_word' id='word_1_198' title='bbox 590 3258 617 3300; x_wconf 90' lang='lat' dir='ltr'><strong>c.</strong></span> <span class='ocrx_word' id='word_1_199' title='bbox 634 3239 683 3310; x_wconf 90' lang='lat' dir='ltr'><strong>l0,</strong></span> <span class='ocrx_word' id='word_1_200' title='bbox 699 3235 743 3296; x_wconf 87' lang='lat' dir='ltr'><strong>De</strong></span> <span class='ocrx_word' id='word_1_201' title='bbox 757 3229 905 3315; x_wconf 71' lang='lat' dir='ltr'><strong>regular.)</strong></span> 
     </span>
    </p>

    <p class='ocr_par' dir='ltr' id='par_1_11' title="bbox 94 3319 1152 3857">
     <span class='ocr_line' id='line_1_31' title="bbox 216 3319 1152 3417; baseline -0.019 -15"><span class='ocrx_word' id='word_1_202' title='bbox 216 3339 301 3402; x_wconf 90' lang='lat' dir='ltr'><strong>ldem</strong></span> <span class='ocrx_word' id='word_1_203' title='bbox 329 3334 433 3417; x_wconf 86' lang='lat' dir='ltr'><strong>quoad</strong></span> <span class='ocrx_word' id='word_1_204' title='bbox 466 3328 682 3394; x_wconf 87' lang='lat' dir='ltr'><strong>Benedictinos</strong></span> <span class='ocrx_word' id='word_1_205' title='bbox 708 3323 940 3406; x_wconf 86' lang='lat' dir='ltr'><strong>praescripserat</strong></span> <span class='ocrx_word' id='word_1_206' title='bbox 970 3319 1152 3386; x_wconf 87' lang='lat' dir='ltr'><strong>Concilium</strong></span> 
     </span>
     <span class='ocr_line' id='line_1_32' title="bbox 177 3411 1137 3498; baseline -0.024 -4"><span class='ocrx_word' id='word_1_207' title='bbox 177 3432 373 3494; x_wconf 75' lang='lat' dir='ltr'><strong>viennense:</strong></span> <span class='ocrx_word' id='word_1_208' title='bbox 395 3422 506 3488; x_wconf 75' lang='lat' dir='ltr'><strong>«Sane</strong></span> <span class='ocrx_word' id='word_1_209' title='bbox 520 3417 652 3498; x_wconf 83' lang='lat' dir='ltr'><strong>singulis</strong></span> <span class='ocrx_word' id='word_1_210' title='bbox 667 3413 839 3487; x_wconf 88' lang='lat' dir='ltr'><strong>mensibus,</strong></span> <span class='ocrx_word' id='word_1_211' title='bbox 860 3419 924 3472; x_wconf 87' lang='lat' dir='ltr'><strong>tam</strong></span> <span class='ocrx_word' id='word_1_212' title='bbox 940 3411 971 3470; x_wconf 91' lang='lat' dir='ltr'><strong>in</strong></span> <span class='ocrx_word' id='word_1_213' title='bbox 987 3421 1137 3475; x_wconf 84' lang='lat' dir='ltr'><strong>monaste</strong></span> 
     </span>
     <span class='ocr_line' id='line_1_33' title="bbox 177 3501 1150 3597; baseline -0.018 -15"><span class='ocrx_word' id='word_1_214' title='bbox 177 3543 190 3582; x_wconf 86' lang='lat' dir='ltr'><strong>n</strong></span> <span class='ocrx_word' id='word_1_215' title='bbox 216 3519 270 3582; x_wconf 89' lang='lat' dir='ltr'><strong>riis</strong></span> <span class='ocrx_word' id='word_1_216' title='bbox 290 3533 384 3597; x_wconf 90' lang='lat' dir='ltr'><strong>quam</strong></span> <span class='ocrx_word' id='word_1_217' title='bbox 406 3519 517 3586; x_wconf 82' lang='lat' dir='ltr'><strong>extra,</strong></span> <span class='ocrx_word' id='word_1_218' title='bbox 542 3507 665 3569; x_wconf 85' lang='lat' dir='ltr'><strong>sublata</strong></span> <span class='ocrx_word' id='word_1_219' title='bbox 686 3503 852 3566; x_wconf 83' lang='lat' dir='ltr'><strong>occasione</strong></span> <span class='ocrx_word' id='word_1_220' title='bbox 875 3517 1092 3582; x_wconf 87' lang='lat' dir='ltr'><strong>quacumque,</strong></span> <span class='ocrx_word' id='word_1_221' title='bbox 1109 3501 1150 3566; x_wconf 75' lang='lat' dir='ltr'><strong>aci</strong></span> 
     </span>
     <span class='ocr_line' id='line_1_34' title="bbox 94 3590 1147 3674; baseline -0.02 0"><span class='ocrx_word' id='word_1_222' title='bbox 94 3668 96 3674; x_wconf 74' lang='grc'>,</span> <span class='ocrx_word' id='word_1_223' title='bbox 177 3632 190 3669; x_wconf 79' lang='lat' dir='ltr'><strong>o</strong></span> <span class='ocrx_word' id='word_1_224' title='bbox 216 3605 445 3672; x_wconf 82' lang='lat' dir='ltr'><strong>confessionem</strong></span> <span class='ocrx_word' id='word_1_225' title='bbox 458 3590 570 3662; x_wconf 87' lang='lat' dir='ltr'><strong>saltem</strong></span> <span class='ocrx_word' id='word_1_226' title='bbox 583 3593 680 3656; x_wconf 88' lang='lat' dir='ltr'><strong>semel</strong></span> <span class='ocrx_word' id='word_1_227' title='bbox 697 3591 846 3655; x_wconf 90' lang='lat' dir='ltr'><strong>accedant</strong></span> <span class='ocrx_word' id='word_1_228' title='bbox 860 3607 970 3654; x_wconf 87' lang='lat' dir='ltr'><strong>omnes</strong></span> <span class='ocrx_word' id='word_1_229' title='bbox 984 3598 1014 3650; x_wconf 89' lang='lat' dir='ltr'><strong>et</strong></span> <span class='ocrx_word' id='word_1_230' title='bbox 1030 3590 1147 3670; x_wconf 82' lang='lat' dir='ltr'><strong>singuli</strong></span> 
     </span>
     <span class='ocr_line' id='line_1_35' title="bbox 177 3676 1147 3768; baseline -0.014 -12"><span class='ocrx_word' id='word_1_231' title='bbox 177 3721 191 3756; x_wconf 73' lang='lat' dir='ltr'><strong>a</strong></span> <span class='ocrx_word' id='word_1_232' title='bbox 216 3693 382 3767; x_wconf 90' lang='lat' dir='ltr'><strong>monachi,</strong></span> <span class='ocrx_word' id='word_1_233' title='bbox 404 3697 435 3751; x_wconf 88' lang='lat' dir='ltr'><strong>et</strong></span> <span class='ocrx_word' id='word_1_234' title='bbox 452 3689 486 3752; x_wconf 91' lang='lat' dir='ltr'><strong>in</strong></span> <span class='ocrx_word' id='word_1_235' title='bbox 501 3685 604 3768; x_wconf 89' lang='lat' dir='ltr'><strong>prima</strong></span> <span class='ocrx_word' id='word_1_236' title='bbox 618 3681 782 3746; x_wconf 88' lang='lat' dir='ltr'><strong>Dominica</strong></span> <span class='ocrx_word' id='word_1_237' title='bbox 797 3678 915 3742; x_wconf 88' lang='lat' dir='ltr'><strong>mensis</strong></span> <span class='ocrx_word' id='word_1_238' title='bbox 927 3676 1100 3757; x_wconf 86' lang='lat' dir='ltr'><strong>cujuslibet</strong></span> <span class='ocrx_word' id='word_1_239' title='bbox 1115 3681 1147 3742; x_wconf 93' lang='lat' dir='ltr'><strong>in</strong></span> 
     </span>
     <span class='ocr_line' id='line_1_36' title="bbox 176 3764 1148 3857; baseline -0.015 -11"><span class='ocrx_word' id='word_1_240' title='bbox 176 3808 191 3846; x_wconf 80' lang='lat' dir='ltr'><strong>n</strong></span> <span class='ocrx_word' id='word_1_241' title='bbox 216 3781 414 3848; x_wconf 87' lang='lat' dir='ltr'><strong>monasteriis</strong></span> <span class='ocrx_word' id='word_1_242' title='bbox 432 3793 555 3857; x_wconf 88' lang='lat' dir='ltr'><strong>semper</strong></span> <span class='ocrx_word' id='word_1_243' title='bbox 577 3771 855 3835; x_wconf 72' lang='lat' dir='ltr'><strong>communicent.»</strong></span> <span class='ocrx_word' id='word_1_244' title='bbox 877 3800 916 3814; x_wconf 93' lang='lat'>-</span> <span class='ocrx_word' id='word_1_245' title='bbox 936 3764 1148 3831; x_wconf 80' lang='lat' dir='ltr'><strong>Communius</strong></span> 
     </span>
    </p>
   </div>
   <div class='ocr_carea' id='block_1_9' title="bbox 0 0 1302 4208">
    <p class='ocr_par' dir='ltr' id='par_1_12' title="bbox 0 0 1302 4208">
     <span class='ocr_line' id='line_1_37' title="bbox 0 0 1302 4208; baseline 0 0"><span class='ocrx_word' id='word_1_246' title='bbox 0 0 1302 4208; x_wconf 95' lang='lat' dir='ltr'><strong> </strong></span> 
     </span>
    </p>
   </div>
  </div>
 </body>
</html>
