2590 4208
211 277 252 338 20
481 294 636 341 acaunum
656 294 738 341 mnis
759 294 906 341 cauourcr.

205 415 303 478 super
322 415 403 479 opus
428 405 476 460 est
500 395 655 462 Ordinarii
680 401 824 477 licentia,
848 403 907 464 nisi
931 422 1028 485 super
1047 405 1108 468 hoc
1123 426 1178 469 er-

208 503 312 564 presse
326 487 483 567 dispenset
499 486 611 550 Sancta
627 487 732 553 Sedes.
750 490 784 553 ld
805 510 842 554 ex
857 508 890 553 se
910 493 986 554 satis
1002 501 1087 574 patet
1107 499 1181 578 qui-

207 573 292 645 dem,
309 574 362 636 sed
380 585 529 655 preterea
549 587 671 640 constat
684 576 777 642 Conc.
797 577 879 642 l'rid.
896 597 970 662 sess.
988 581 1039 655 25,
1055 601 1082 645 c.
1104 582 1135 658 3,
1148 584 1183 644 de

207 661 326 742 Requi,
344 663 555 727 ubidicitur:
576 687 591 724 e
611 667 673 730 Nec
695 667 734 730 de
749 675 861 731 cetero
877 668 992 731 similia
1007 669 1077 733 loca
1102 669 1181 752 (mo-

205 771 223 808 a
249 753 386 813 nasteria
410 760 473 814 tam
505 753 646 818 virorum
678 775 773 837 qnam
803 755 988 840 mulierum)
1017 759 1183 838 erigantur

211 865 224 895 a
249 840 317 900 sine
329 839 478 923 Episcopi
493 841 525 903 in
541 844 632 924 cujus
646 843 774 908 dioecesi
788 843 937 925 erigenda
953 853 1039 922 sunt,
1056 847 1183 910 licentia

211 929 337 1009 nprius
363 931 490 992 obtenta
512 952 542 992 n.
571 932 659 1006 Quod
685 933 846 997 evidenter
871 933 1006 1013 intelligi
1025 933 1123 1000 debet
1144 935 1185 998 dc

212 1019 360 1081 omnibus
377 1020 603 1096 conventibus,
619 1021 713 1084 etiam
729 1021 895 1104 inquibus
916 1039 981 1084 non
997 1023 1181 1088 emittuntur

214 1105 272 1168 nisi
291 1107 448 1187 ¹simplicia
464 1116 555 1186 vota,
572 1110 637 1172 imo
654 1111 742 1174 nulla
756 1118 829 1173 vota
847 1109 1045 1174 emittuntur.
1062 1112 1186 1176 Slvere

210 1195 332 1277 ubsque
350 1197 435 1278 justa
450 1217 544 1261 causa
565 1197 723 1260 licentiam
745 1200 829 1262 hanc
849 1198 1024 1281 Episcopus
1047 1199 1187 1281 denega·

215 1294 282 1361 ret,
304 1303 446 1347 recursus
470 1287 509 1348 ad
538 1285 684 1350 Sanctam
710 1286 824 1352 Sedem
850 1286 963 1350 haberi
988 1298 1104 1370 posset.
1135 1289 1184 1372 (V.

214 1376 361 1452 Manuale,
378 1385 415 1437 n⁰
428 1375 533 1457 actv.)
989 1425 993 1431 -

254 1468 323 1528 945.
347 1464 412 1526 Etsi
428 1464 466 1528 ad
486 1465 640 1546 cujusque
662 1464 800 1528 instituti
814 1464 1009 1546 superiorem
1024 1467 1074 1530 vel
1091 1487 1189 1550 supe-

215 1555 375 1618 riorissam
396 1553 574 1634 generalem
598 1561 716 1636 spectet
736 1554 855 1634 erigere
876 1571 975 1618 novos
998 1567 1189 1631 conventus,

216 1662 279 1706 non
295 1643 412 1707 debent
440 1652 543 1706 tamen
568 1642 628 1725 ipsi
650 1643 734 1704 hanc
753 1641 943 1704 erectionem
969 1661 1129 1726 peragere,
1147 1648 1190 1708 in·

214 1734 361 1798 consulto
383 1741 414 1796 et
435 1739 586 1795 renuente
606 1729 751 1812 capitulo
769 1730 908 1811 generali
926 1729 1072 1809 Ordinis,
1098 1734 1189 1815 Juxta
1280 1737 1281 1760 ¹

218 1824 468 1906 praescriptiones
487 1820 737 1900 uniuscujusque
752 1818 889 1882 lustituti
910 1822 1188 1886 constitutionum.

256 1913 326 1979 946.
351 1913 406 1974 Hic
428 1910 545 1992 inquiri
565 1917 666 1992 potest
688 1927 727 1970 an
743 1909 894 1973 erectioni
915 1910 991 1972 novi
1013 1926 1190 1977 conventus

217 2021 283 2066 sese
298 2019 459 2082 opponere
482 1999 608 2062 valeant
622 1996 781 2077 regulares
799 2007 830 2060 ct
843 1998 974 2080 parochi
990 1999 1023 2062 in
1047 1999 1118 2064 loco
1132 2001 1191 2065 de-

238 2089 352 2156 entes?

217 2111 337 2244 glluic
359 2177 543 2260 questioni,
571 2177 677 2258 quoad
698 2176 879 2258 regulares,
901 2176 1095 2257 respondent
1119 2180 1191 2244 duae

219 2268 463 2335 constitutiones
478 2265 566 2328 Sedis
579 2266 767 2349 Apostolicar
790 2269 846 2328 tl·
868 2264 1037 2329 Clementis
1051 2265 1133 2346 Vlll,
1153 2274 1191 2332 23
1279 2337 1280 2340 ,

216 2359 276 2443 jul.
298 2359 387 2431 1603,
403 2356 448 2419 sic
461 2354 607 2418 habens:
636 2378 651 2415 n
672 2354 874 2417 Declaramus
891 2353 1033 2418 locorum
1054 2354 1191 2422 Ordina·
1279 2353 1280 2388 ³

220 2450 323 2512 arios
342 2465 405 2508 non
430 2462 519 2526 posse
537 2442 699 2507 licentiam
714 2443 753 2505 ad
776 2460 875 2506 novos
896 2453 1073 2507 conventus
1087 2449 1191 2528 cujus·

221 2564 235 2598 a
259 2555 398 2618 cumque
409 2533 657 2597 mendicantium
672 2531 814 2608 Ordines,
826 2533 859 2594 in
874 2531 1056 2596 civitatibus
1068 2543 1101 2598 et
1116 2537 1191 2600 locis

219 2650 236 2686 s
260 2645 371 2690 eorum
383 2623 552 2688 ordinariae
563 2621 775 2702 iurisdictioni
786 2619 932 2701 subjectis
945 2621 1125 2700 erigendos,
1140 2627 1191 2688 im·

219 2740 235 2775 s
261 2715 382 2797 peruri,
399 2713 459 2774 nisi
475 2713 592 2774 vocatis
606 2720 637 2773 ct
652 2709 769 2773 auditis
784 2709 920 2772 aliorum
935 2710 967 2771 in
982 2711 1103 2774 eisdem
1116 2715 1190 2777 civi·

223 2831 236 2864 n
261 2804 379 2868 tatibus
394 2811 425 2865 et
438 2802 516 2864 locis
525 2801 726 2863 existentium
739 2807 954 2863 conventuum
966 2797 1190 2867 Prioribusseu
1278 2857 1279 2898 ἶ

221 2919 237 2954 n
262 2891 520 2979 procuratoribus
533 2887 1015 2963 etaliisinteressehabentibus3
1029 2897 1072 2964 et,
1084 2908 1189 2967 causa,

221 3008 237 3043 n
262 2985 392 3048 servatis
406 2979 579 3054 servandis,
594 2979 730 3059 cognita,
746 2976 920 3040 constiterit
934 2976 966 3038 in
980 2975 1102 3041 eisdem
1118 2979 1190 3045 civi·

222 3099 237 3132 s
263 3073 381 3136 tatibus
395 3079 426 3132 et
444 3068 533 3144 locis,
548 3085 648 3133 novos
670 3064 852 3148 hujusmodi
871 3063 1037 3145 erigendos
1051 3079 1191 3133 eonven-

222 3189 238 3222 »ι
264 3171 315 3225 tus
340 3161 408 3220 sine
442 3156 578 3220 aliorum
609 3156 797 3219 detrimento
826 3153 992 3217 commode
1025 3159 1190 3221 sustentari

224 3277 239 3309 o
266 3267 366 3332 posse.
387 3245 420 3310 Si
440 3263 514 3308 vero
528 3245 569 3308 ab
592 3263 714 3318 eorum,
731 3244 763 3306 in
786 3240 968 3324 hujusmodi
982 3245 1105 3325 causis,
1120 3265 1190 3312 sen-

224 3365 239 3396 »
264 3337 369 3401 tentiis
384 3335 423 3398 ad
438 3334 501 3398 Nos
514 3342 545 3397 et
558 3335 769 3417 Apostolicam
785 3331 897 3396 Sedem
914 3334 1078 3413 provocari
1093 3345 1125 3399 et
1137 3353 1191 3415 ap·
1277 3367 1278 3436 p

226 3451 240 3486 n
265 3426 377 3510 pellari
392 3424 568 3504 contigerit,
582 3425 668 3506 ipsos
678 3422 859 3487 Ordinarics
869 3423 990 3484 tamdiu
1003 3425 1189 3488 erectionem

225 3542 240 3575 s
265 3533 421 3578 novorum
444 3520 658 3578 conventuum
674 3510 865 3594 suspendere
887 3508 1012 3588 debere,
1028 3529 1190 3596 quousque

226 3628 241 3665 a
265 3623 282 3667 a
304 3603 399 3666 Nobis
412 3611 441 3665 et
460 3602 638 3684 Apostolica
658 3603 737 3670 Sede
752 3602 784 3662 in
806 3598 916 3664 eadem
937 3617 1031 3661 causa
1046 3618 1189 3683 pronun-

226 3715 242 3753 υ
265 3693 376 3754 tiatum
388 3693 540 3755 exstiterit
555 3709 564 3753 ε
580 3699 611 3754 et
625 3692 749 3753 irritum
765 3687 976 3752 nihilominus
988 3697 1019 3750 ct
1032 3688 1129 3753 inane
1142 3693 1189 3752 do·
1276 3763 1277 3772 ἵ

225 3805 240 3840 n
264 3791 427 3844 cernentes
449 3778 606 3862 quidquid
634 3797 729 3860 super
750 3777 813 3853 his,
836 3795 854 3839 a
878 3793 1059 3859 quoquam,
1080 3780 1190 3860 quavis
