2552 4204
162 315 223 382 '202
438 321 593 376 autunum
611 327 693 373 JURIS
714 327 862 375 canonici.

164 437 335 519 superioris
348 428 551 512 competentis
573 427 793 492 absolutionem
816 431 879 494 tolli
902 431 1036 514 possint,
1059 427 1142 512 quod

164 527 208 588 sic
222 529 377 605 probatur.

205 614 237 676 Si
256 612 314 674 atio
334 609 425 672 modo
445 608 580 674 censuris
604 607 765 671 innodatus
788 609 826 670 ab
850 609 887 672 iis
908 609 998 673 eximi
1018 613 1142 690 posset,

162 702 246 764 certe
262 700 307 762 vet
322 718 375 780 per
389 699 436 759 sui
450 705 579 758 mortem
592 703 643 758 aut
656 696 918 774 emendationem,
934 701 978 760 vei
994 719 1049 780 per
1064 715 1144 759 mor·

163 807 227 854 tem
241 789 375 861 terentis,
390 786 436 847 vel
451 785 582 864 denique
603 803 657 865 per
679 786 878 848 cessationem
897 789 971 868 legis
993 797 1043 848 aut
1064 804 1144 868 prae-

162 879 255 960 cepti.
273 876 364 958 Atqui
380 879 410 936 1⁰
423 893 559 937 censurae
572 893 633 934 non
645 874 794 936 tolluntur
808 895 861 956 per
875 887 1005 938 mortem
1022 876 1086 951 rei,
1110 881 1145 936 ut

169 972 331 1032 constater
347 984 413 1046 cap.
431 965 456 1026 A
472 963 554 1024 nobis
568 966 622 1033 28,
636 968 665 1024 et
679 982 745 1044 cap.
762 962 863 1026 Sacris
878 968 938 1042 38,
958 964 1003 1026 De
1019 972 1141 1025 sentent.

162 1051 1144 1134 anconam„ubimortuussineabsolutionecensurarumprivatur

164 1145 320 1226 sepultura
334 1142 556 1216 ecclesiasticd;
571 1175 609 1187 ·-
621 1145 653 1202 2⁰
670 1159 732 1202 non
746 1149 864 1204 cessant
882 1161 935 1223 per
949 1141 1144 1204 emendatio·
1160 1171 1170 1180 ·

170 1251 239 1296 nem
263 1237 294 1292 et
312 1231 511 1294 cessationem
535 1229 734 1292 contumaciae
761 1235 814 1292 aut
834 1230 1089 1308 satisfactionem,
1111 1236 1145 1292 ut

168 1321 309 1402 expresse
321 1319 361 1379 ait
374 1319 513 1380 Clemens
526 1321 576 1396 lll,
590 1337 656 1401 cap.
676 1317 749 1382 Cum
770 1319 911 1381 desideres
928 1325 981 1395 15,
1005 1321 1049 1381 De
1068 1328 1143 1382 sent.

169 1427 323 1484 excomm,
339 1412 369 1468 et
381 1408 469 1486 Greg.
488 1409 539 1484 IX,
555 1425 621 1486 cap.
640 1407 778 1482 Quamuis
797 1413 857 1485 58,
876 1408 1011 1486 ejusdem
1035 1409 1142 1470 tituli:

169 1497 250 1558 undo
264 1495 404 1557 damnata
417 1495 472 1556 suit
486 1495 524 1556 ab
539 1495 710 1558 Alexandro
725 1499 794 1572 vlt,
810 1497 976 1578 propositio
990 1515 1143 1577 sequens:

173 1606 188 1646 r
211 1582 312 1660 Quoad
322 1584 422 1664 forum
437 1583 637 1654 conscientiae,
654 1603 704 1646 rec
717 1593 847 1646 correcto
860 1586 979 1667 ejusque
991 1595 1144 1647 contuma-

175 1697 189 1732 ι(
209 1673 256 1735 citi
269 1682 406 1746 cessante,
423 1681 534 1734 cessant
549 1692 701 1736 censuroeu
718 1681 917 1736 :censuratus
928 1680 1030 1734 tamen
1048 1680 1146 1755 potest

171 1761 343 1842 ingratiam
363 1761 538 1842 reintegrari
556 1781 610 1843 per
632 1761 845 1824 contritionem
867 1763 1052 1844 perfectam,
1075 1768 1146 1825 ante

170 1851 388 1914 absolutionem
412 1869 629 1928 censurarum3
657 1854 689 1914 3·
715 1869 778 1913 non
801 1859 919 1913 cessant
937 1870 991 1932 per
1015 1857 1155 1936 mortem·

170 1940 312 2013 ferentis,
332 1947 364 2001 ut
379 1945 460 2019 patet
473 1957 510 2001 ex
525 1957 590 2022 cap.
608 1939 786 2016 Postoroir's,
802 1939 846 2001 De
860 1942 951 2019 officio
964 1939 1080 2021 judicis
1100 1960 1146 2002 or-

170 2027 234 2090 din.
253 2031 303 2103 tt,
313 2027 332 2107 ξ
343 2029 495 2088 Proetereo
506 2049 518 2097 ,·
531 2033 563 2088 4⁰
579 2047 636 2091 nec
646 2029 770 2090 tandem
784 2048 839 2110 per
853 2029 1056 2090 cessationem
1072 2030 1147 2111 tegis

170 2121 221 2178 aut
241 2115 409 2196 praecepti:
431 2115 502 2195 quia
527 2114 701 2196 hujusmodi
723 2119 850 2178 cessatio
875 2117 1000 2200 impedit
1020 2118 1146 2198 quidem

172 2203 335 2283 quominus
347 2209 451 2283 postea
467 2203 604 2267 subditus
617 2210 754 2267 teneatur
766 2207 822 2270 sub
833 2205 970 2268 censuris
984 2206 1084 2286 legem
1095 2208 1148 2268 aut

172 2299 356 2372 praeceptum
370 2291 539 2370 observare;
556 2293 608 2354 sed
622 2311 684 2356 non
696 2294 781 2356 solvit
790 2313 860 2356 eum
873 2294 937 2374 qui,
951 2293 1146 2357 antedictam

173 2381 524 2457 cessationem,censuris
535 2381 599 2463 jam
613 2381 710 2444 fuerat
723 2382 843 2462 ligatus.
853 2385 934 2462 Ergo
948 2382 1013 2444 sola
1024 2383 1147 2446 absolu·

173 2469 254 2530 tione
267 2469 330 2530 tolli
347 2475 474 2549 possunt
487 2487 623 2532 censure
635 2471 698 2548 jam
711 2469 851 2532 incursae,

178 2593 182 2600 ·
198 2557 332 2628 ,Dictum
347 2558 403 2620 fuit
414 2577 542 2622 conone
555 2559 659 2621 stn'cte
672 2558 761 2620 dictoe
776 2578 783 2619 :
800 2559 871 2639 quia
890 2577 1026 2622 censurae
1047 2557 1146 2622 vindi·

172 2645 290 2724 cativae,
303 2647 340 2707 ad
354 2654 470 2709 certum
482 2655 603 2728 tempus
615 2648 697 2726 tatae,
708 2647 851 2710 desinunt
865 2647 931 2711 sine
944 2649 1146 2726 absolutione,

173 2735 276 2814 elapso
291 2735 422 2797 termino
434 2736 506 2816 ipsis
521 2736 681 2817 assignato.

212 2823 244 2886 si
258 2823 331 2887 vend
345 2825 619 2888 excommunicatio
635 2825 672 2888 ed
686 2832 803 2889 certum
822 2830 942 2906 tempus
961 2825 1148 2889 incuteretur

171 2928 236 2974 uon
251 2919 382 2974 cessaret
395 2913 461 2976 sine
475 2912 663 2976 absolutione
676 2961 684 2991 ,
697 2914 782 2993 juxta
798 2915 942 2976 Stremier
954 2911 1025 2994 (Des
1043 2915 1147 2976 Peines

173 2998 289 3078 eccles,
318 3021 349 3082 p.
365 3001 437 3083 227)
454 3001 506 3080 qui
519 3003 589 3063 citat
601 3003 722 3074 Suarez,
740 3002 885 3075 Decens,
896 3001 975 3082 disp.
986 3006 1017 3078 7,
1028 3007 1103 3064 sect.
1116 3006 1145 3078 t,

174 3096 208 3152 n·
219 3092 304 3164 ruet
314 3089 489 3152 Barbosam.
502 3091 611 3150 Contra
620 3095 722 3152 tamen
731 3090 848 3152 ridetur
857 3092 968 3152 sentire
978 3091 1010 3153 S.
1022 3081 1144 3172 Lignor.

175 3176 241 3260 (lib.
256 3183 288 3255 7,
304 3181 338 3239 n⁰
354 3180 433 3256 123).

213 3278 284 3340 832.
308 3275 429 3347 Quaerit.
449 3279 479 3336 t⁶
496 3279 519 3338 Α
533 3293 666 3356 quonam
682 3294 819 3339 censurae
833 3276 962 3339 debeant
974 3274 1110 3338 absolvit

214 3365 305 3444 Rcsp.
321 3364 505 3440 Generatim,
520 3364 558 3426 ad
570 3364 1002 3442 tollendascensuras,endem
1014 3381 1052 3426 ex
1066 3370 1149 3446 parte

175 3451 363 3517 absolvendis
377 3453 573 3533 requiruntur
587 3453 777 3516 conditiones
795 3471 830 3516 ac
844 3471 888 3516 eae
900 3473 969 3535 quae
987 3453 1151 3534 exiguntur

176 3541 212 3604 ad
226 3541 292 3604 ilias
305 3541 443 3603 ferendas
460 3561 467 3603 τ
483 3541 565 3604 unde
577 3542 689 3604 absolvi
703 3541 815 3603 debent
833 3543 880 3604 vel
899 3542 939 3605 ab
960 3559 998 3604 eo
1021 3542 1074 3622 qui
1100 3559 1149 3606 eas

177 3631 244 3693 tulit
255 3631 301 3692 vel
313 3631 351 3693 ab
365 3630 458 3712 ipsius
472 3631 645 3711 Superiora,
662 3637 715 3693 aut
726 3633 919 3709 Successore,
934 3635 987 3693 aut
999 3630 1146 3711 delegato.

179 3723 315 3782 Attamen
330 3719 361 3780 in
378 3719 477 3800 specie
494 3739 501 3780 ε
518 3723 550 3780 t⁰
568 3719 598 3781 Si
616 3738 753 3782 censurae
774 3737 836 3780 non
860 3719 920 3780 sint
941 3726 1099 3782 reservatoe
1120 3721 1151 3783 et

173 3808 235 3868 sint
249 3809 347 3873 tiore
361 3809 446 3882 latae,
461 3808 543 3871 certe
564 3808 675 3870 absolvi
698 3813 824 3886 possunt
844 3807 905 3869 sive
925 3806 964 3869 ab
977 3806 1146 3886 Episcopo,
