2574 4198
215 203 276 261 636
487 212 642 256 cnnnnnm-
657 209 738 252 sums
759 209 906 252 canonius⁴

130 295 133 301 ’
215 310 282 372 libr.
295 314 313 372 3
324 312 540 386 Decretalium,
553 307 759 372 Ecclesiastico
772 305 908 386 beneficio
918 305 981 366 sini
990 305 1187 372 diminutione

215 398 348 479 conponi
360 399 462 462 debent
479 420 485 460 :
503 398 585 462 unde
598 400 754 458 innocent.
770 397 817 466 ΙΙΙ,
834 412 900 472 cap.
918 393 1130 471 Pastorolistt,
1149 398 1190 461 Dc

214 485 262 548 tus
273 505 339 567 quoe
347 487 424 568 finnt
435 489 453 550 d
465 487 606 550 Proelotis
618 484 691 556 sini,
702 489 774 557 eto,
789 481 882 562 exigit
894 481 1049 543 licentiam
1064 485 1095 546 S.
1109 488 1190 548 Pon*

168 605 171 608 ·
196 573 303 636 tiliois
318 581 351 637 ut
365 577 532 657 Episcopus
553 575 646 637 valeat
665 571 728 634 sini
744 571 897 632 uoluntate
912 570 961 630 sni
982 569 1124 652 Capituli
1136 575 1189 636 ol-

214 664 360 726 tentiones
370 665 549 741 parochialis
563 660 770 725 ecclesioeoiris
780 659 929 738 calipiosis
938 657 1085 739 conferre,
1101 664 1191 724 etium

215 757 422 815 sustentatione
437 753 545 815 vicarii
559 749 716 812 reseruati.

253 844 284 901 2⁰
306 839 359 902 His
368 847 469 902 tamen
482 859 543 903 non
554 837 757 912 obstantibus,
769 841 865 916 potest
877 834 1044 916 Episcopus
1053 838 1188 906 dividere

213 925 381 988 oblationes
399 928 437 990 ad
460 925 681 1008 procurandam
702 923 950 986 sustentationem
969 923 1090 988 vicariis
1109 928 1186 992 aliis·

214 1033 273 1094 que
293 1015 499 1078 sacerdotibus
519 1032 649 1096 quorum
670 1011 837 1072 ministerio
855 1009 1004 1090 parochie
1024 1013 1186 1096 indigent:

215 1101 271 1165 hoc
285 1103 442 1166 manifeste
456 1105 571 1166 eruitur
585 1121 621 1164 ex
635 1101 733 1162 verbis
746 1099 869 1160 Consilii
883 1099 1016 1164 Trident.
1034 1103 1121 1180 (sess.
1137 1110 1186 1181 21,

213 1208 279 1269 cap.
301 1189 338 1259 l,
357 1191 400 1252 lle
418 1191 506 1271 rofi),
526 1191 638 1271 quibus
656 1188 796 1250 tribuitur
812 1187 961 1268 Episcopo
980 1195 1111 1270 potestas
1133 1213 1186 1258 co-

214 1277 303 1350 gendi
318 1278 484 1358 parochos,
503 1280 555 1359 qui
578 1284 735 1358 nequeunt
753 1275 807 1338 soli
821 1295 926 1356 regere
941 1295 1010 1340 suas
1024 1282 1185 1359 paroecias,

213 1364 250 1425 ad
265 1365 321 1425 sibi
332 1363 559 1447 adjungendum
569 1373 612 1427 tot
622 1365 789 1426 sacerdotes
798 1371 872 1444 quot
885 1364 1032 1428 sufficiant
1042 1369 1082 1430 ad
1091 1388 1187 1434 sucre·

214 1458 315 1514 menta
330 1453 526 1516 ministranda
540 1454 717 1534 cultumque
730 1453 865 1514 divinum
880 1453 1107 1520 celebrandum.

252 1543 326 1602 Item
349 1560 385 1602 ex
405 1542 571 1606 redditibus
591 1541 801 1622 parochiarum
824 1540 964 1622 Episcopi
979 1552 1116 1623 'possunt
1129 1547 1186 1610 ali·

184 1682 188 1684 ,
213 1628 286 1710 quid
303 1629 424 1710 exigere
439 1648 493 1711 pro
511 1631 599 1692 raros
617 1629 861 1706 necessitatibus,
876 1647 903 1689 v.
920 1648 968 1708 g„
987 1638 1103 1694 sextam
1118 1655 1185 1716 par-

213 1723 273 1780 tem
289 1718 423 1781 redditus
444 1719 581 1781 sedilium
600 1717 645 1799 (6θ
660 1717 708 1780 des
723 1716 808 1777 boocs
821 1724 848 1778 at
865 1715 1004 1800 cloisea),
1023 1721 1061 1781 ad
1076 1723 1185 1789 subve-

213 1805 360 1868 niendum
381 1807 562 1888 presbyteris
584 1806 713 1868 infirmis
726 1805 772 1868 vel
790 1805 874 1870 senio
892 1805 1036 1870 confectis
1051 1829 1058 1868 ε
1074 1809 1186 1875 habent

213 1895 295 1954 enim
313 1895 453 1974 Episcopi
468 1914 504 1956 ex
524 1895 638 1958 Concil.
654 1897 808 1968 Leianon,
823 1893 992 1956 facultatem
1011 1899 1185 1976 postulandi

212 1981 372 2042 subsidium
387 1983 596 2044 charitativum
612 2005 619 2042 ι
640 1985 870 2057 «sustinemus,
886 1983 983 2063 inquit
996 1985 1114 2050 concil.
1130 1990 1185 2052 sub

214 2090 232 2128 a
253 2069 495 2145 alexandram,
516 2089 571 2149 pro
591 2071 692 2131 multis
711 2070 956 2148 necessitatibuS,
973 2091 1042 2153 quae
1063 2075 1184 2158 aliquo-

216 2178 231 2216 α
252 2157 308 2218 ties
332 2158 564 2238 superveniunt,
579 2165 613 2220 ut
628 2159 651 2220 si
670 2159 828 2220 manifesta
843 2178 879 2222 ac
892 2161 1078 2225 rationabilis
1095 2184 1184 2230 causa

215 2265 230 2304 <r
250 2246 415 2321 exstiterit,
438 2266 504 2308 com
527 2247 668 2308 chaotote
685 2248 866 2308 moderatam
885 2249 924 2309 ab
941 2251 984 2312 eis
1005 2249 1185 2332 (rectoribus

215 2353 230 2390 a
252 2333 474 2416 parochiarum)
490 2335 607 2396 valeant
619 2336 764 2398 auxilium
789 2335 969 2416 postularet)
987 2337 1072 2420 (Cap.
1089 2344 1184 2425 Apos-

212 2420 289 2482 tolos
300 2423 330 2491 6,
347 2423 391 2484 Bc
405 2423 557 2502 censibus).

251 2513 325 2571 Item
341 2519 466 2591 possunt
481 2513 512 2572 in
529 2513 674 2574 auxilium
688 2515 789 2576 venire
805 2514 952 2594 parochiis
966 2515 1182 2599 indigentibus,

219 2605 243 2664 tt
258 2606 422 2660 constater
436 2601 549 2662 Concil.
568 2602 648 2664 Trid.
671 2601 756 2682 (sess.
773 2606 829 2680 Ed,
845 2622 872 2666 c.
890 2606 944 2680 13,
959 2605 1004 2668 lle
1020 2607 1158 2692 resono.)
1174 2629 1181 2670 ε

215 2708 230 2745 o
251 2689 284 2748 In
307 2687 527 2766 parochialibus
546 2689 681 2752 ecclesiis
703 2709 834 2770 quorum
853 2691 966 2754 fructus
988 2693 1065 2757 oded
1083 2698 1184 2778 exigui

144 2815 150 2826 -
216 2795 231 2833 n
252 2781 324 2836 sunt
347 2782 380 2837 ut
401 2775 509 2838 debitis
530 2787 680 2858 nequeant
698 2779 840 2840 oneribus
860 2780 1046 2859 satisfacere,
1066 2787 1185 2848 curabit

214 2863 435 2946 «Episcopus,
456 2865 480 2927 si
504 2885 557 2948 por
582 2867 726 2930 unionem
744 2867 957 2932 beneficiorum
978 2869 1009 2933 id
1032 2871 1099 2936 fieri
1122 2894 1183 2938 non

217 2970 233 3014 a
252 2951 362 3033 possit,
377 2960 410 3014 ut
426 2955 638 3034 printitiorom
652 2956 697 3017 vel
709 2956 886 3020 decimarum
898 2966 950 3022 aut
961 2979 1015 3040 per
1028 2964 1184 3042 parochia·

217 3061 232 3100 a
253 3059 322 3102 rum
342 3041 473 3121 sportolo
489 3043 683 3115 decollatos,
702 3052 753 3106 aut
773 3049 833 3126 qua
847 3049 1045 3111 commodiori
1065 3053 1183 3116 ratione

218 3129 278 3190 sei
304 3128 462 3199 videbitur,
486 3132 605 3192 tautbm
629 3132 780 3214 redigatur
804 3136 887 3214 quod
909 3139 1109 3216 procacioris
1133 3147 1184 3206 aut

219 3235 234 3274 e
253 3216 402 3296 parochiae
421 3221 596 3282 necessitate
611 3219 752 3284 decenter
765 3223 903 3287 sufficiat.
918 3245 935 3284 o
954 3227 1069 3298 Quibus
1084 3231 1184 3294 verbis

214 3312 257 3368 sat
277 3303 429 3366 evidenter
454 3305 635 3387 legitimatnr
661 3312 761 3392 praxis
782 3313 998 3377 nonnullorum
1020 3315 1182 3396 locorum,

214 3412 241 3455 v.
259 3411 289 3473 g.
305 3391 507 3471 Parisiorum,
522 3404 633 3458 certam
648 3407 762 3478 partem
783 3401 965 3464 oblationem
984 3421 1021 3466 en
1034 3403 1182 3471 funerali-

207 3475 270 3540 'bus
289 3481 527 3560 provenientium
543 3485 739 3564 detrahendi,
761 3495 793 3550 ut
813 3491 883 3552 inde
900 3491 1076 3557 efformatus
1096 3514 1181 3560 com-

214 3569 315 3630 munis
337 3572 474 3649 pecuniae
492 3585 614 3638 acervus
633 3594 695 3657 quo
710 3577 861 3640 subveniri
884 3582 976 3660 possit
988 3579 1181 3663 singularum

208 3655 423 3750 parochiarum
437 3663 672 3726 necessitatibus.
