2574 4198
446 301 539 348 ,LlB'ER
560 303 719 351 succubus,
1014 297 1071 353 627

139 413 160 462 n
178 402 359 464 necessitate
372 401 549 483 expectandi
564 401 789 481 beneplacitum
809 404 1016 484 Apostolicum
1030 423 1076 467 ex·

94 489 230 570 cipiendi
246 495 319 552 sunt
336 509 424 553 casus
438 497 597 572 sequentes
627 509 635 550 ι
664 495 694 550 l⁰
709 489 734 551 si
751 498 868 572 oportet
890 491 1022 554 vendere
1038 493 1077 556 ad

94 577 280 642 solvendum
295 579 431 641 debitum
442 599 497 660 pro
510 597 573 660 quo
587 577 718 641 creditor
731 585 820 660 urget
830 581 911 662 apud
919 581 1051 660 judicem
1070 604 1078 659 ;

95 672 127 729 2⁰
141 667 172 727 in
185 685 258 730 casu
273 686 393 748 magnae
408 667 591 730 necessitatis
605 685 674 748 quae
689 685 751 728 uon
761 671 1080 751 permittatexpeotare

95 756 155 817 boc
166 755 396 837 beneplacitum
413 777 421 827 ;
437 761 469 818 3⁰
482 757 514 817 in
535 774 607 818 casu
626 756 751 818 notoriae
764 757 898 818 utilitatis
911 759 1057 820 Ecclesiae
1073 807 1079 831 ,

96 845 134 916 si,
151 851 314 925 expectato
327 861 478 908 consensu
494 845 672 920 Pontiticio,
687 845 828 906 transiret
839 845 967 907 occasio.
983 849 1018 906 ln
1036 845 1078 906 bis

97 940 203 994 tamen
231 933 352 996 duobus
376 933 495 995 casibus
527 933 745 1014 posterioribus
783 933 946 1013 requiritur
973 935 1081 995 saltem

97 1039 270 1084 consensus
293 1021 453 1104 Episcopi,
483 1021 540 1082 nisi
567 1021 645 1083 lort'e
666 1027 805 1102 ageretur
824 1021 871 1090 de,
891 1021 1082 1102 regularibus

97 1111 259 1192 exemptis.

143 1221 160 1260 a
180 1200 521 1275 linteamenque,
541 1200 641 1281 inquit
652 1199 807 1262 Reiffenst.
821 1199 885 1276 (lib.
897 1203 933 1276 3,
948 1199 994 1262 tit.
1021 1204 1077 1276 at,

102 1311 118 1348 a
139 1301 176 1350 n·
189 1290 260 1368 37),
283 1287 432 1351 introduci
453 1295 551 1370 potest
563 1290 645 1370 quod
664 1288 804 1370 Episcopi
820 1289 865 1350 vel
891 1289 941 1350 alii
962 1289 1079 1352 Praelati

102 1401 119 1438 c
139 1378 223 1440 bona
233 1378 375 1440 Ecclesiae
389 1377 556 1440 immobilia
568 1378 614 1440 vel
627 1377 750 1440 mobilia
762 1377 902 1458 pretiosa,
915 1379 1033 1448 autalia
1047 1379 1079 1439 in

102 1490 120 1527 a
141 1469 255 1547 magna
269 1467 445 1548 quantitate,
456 1485 511 1528 seu
524 1467 625 1547 magni
641 1467 805 1542 momentis,
820 1467 883 1528 suis
896 1469 1079 1548 consangui-

102 1579 119 1615 α
140 1554 1079 1635 neis,veladoliamcausamprolanamdonarevaleant.»Ratio

98 1654 145 1708 est
159 1645 245 1726 quod
259 1645 380 1706 illorum
393 1645 543 1706 bonorum
556 1647 723 1726 Episcopus
738 1663 800 1706 non
814 1651 857 1705 est
871 1645 1013 1706 dominus
1027 1647 1079 1707 sed

99 1734 327 1796 administrator
340 1733 500 1810 duntaxat3
516 1735 607 1816 porro
620 1733 845 1795 administrator
859 1751 916 1796 neo
929 1733 1009 1794 licite
1023 1753 1079 1797 nec

102 1823 200 1886 valide
215 1828 312 1903 potest
324 1822 485 1903 disponere
507 1824 545 1885 de
565 1841 683 1904 requae
707 1827 829 1883 nonest
845 1839 900 1884 sua
915 1840 929 1882 ε.
948 1821 1029 1884 unde
1048 1823 1078 1887 iu

102 1933 170 1995 cap.
187 1912 419 1976 Fraternitatem
433 1916 463 1988 t,
479 1913 524 1974 De
537 1911 768 1984 donationibus,
785 1910 829 1972 sic
842 1911 991 1992 Episcopo
1005 1909 1080 1974 Pari-

102 2002 194 2064 siensi
209 2001 307 2064 aiebat
324 2001 490 2063 Alexander
513 2004 571 2062 lll:
591 2000 850 2062 «Fraternitatem
876 2007 961 2062 tuam
987 2002 1079 2064 credi-

106 2113 122 2152 «
142 2109 213 2154 urus
224 2109 286 2152 non
299 2089 392 2152 latere
406 2090 488 2171 qudd
498 2092 570 2152 cum
580 2090 747 2172 Episcopus
760 2096 790 2151 et
803 2089 928 2171 quilibet
939 2091 1080 2154 t’raelatus

106 2202 122 2240 ι
141 2178 413 2243 ecclesiasticarum
434 2197 538 2240 rerum
564 2180 601 2240 sit
616 2185 792 2260 procurator
801 2186 831 2240 et
843 2196 905 2240 non
918 2179 1077 2255 dominus,

105 2290 121 2328 e
140 2267 349 2332 conditionem
365 2267 506 2330 Ecclesiae
516 2267 675 2328 meliorare
688 2273 785 2348 potest
799 2314 808 2343 ,
822 2266 1002 2330 deteriorem
1017 2288 1078 2332 non

104 2379 121 2417 ι
141 2358 242 2420 lacere
256 2357 355 2418 debet.
368 2357 548 2437 Accepimus
561 2356 643 2436 qudd
661 2356 863 2436 praedecessor
882 2363 954 2418 tuus
976 2376 1080 2438 graves

107 2469 122 2506 e
141 2447 322 2509 donationes
335 2444 406 2508 lecit
420 2445 450 2506 in
461 2444 678 2507 detrimentum
689 2445 841 2518 Ecclesiae,
852 2445 916 2520 suis¹
921 2447 1080 2510 canonicis

104 2559 121 2596 c
141 2534 335 2612 inconsultis,
352 2534 434 2596 unde
447 2535 585 2610 quonium
599 2532 769 2596 donationes
783 2532 954 2614 hujusmodi
966 2533 1001 2596 de
1007 2537 1081 2617 jare

104 2647 122 2686 c
140 2633 334 2698 contenent,
351 2623 546 2703 indulgemus
560 2621 614 2684 tibi
628 2631 660 2685 ut
673 2623 760 2686 liceat
770 2622 950 2686 donationes
972 2623 1078 2705 hujus·

106 2736 122 2774 ι
142 2713 229 2778 modi
249 2731 434 2775 revocare.»

140 2803 276 2866 Possunt
284 2808 387 2864 temen
401 2801 541 2883 Episcopi
549 2808 579 2864 et
587 2800 636 2862 alii
646 2799 842 2862 ecclesiarum
858 2803 974 2864 Praelati
988 2804 1080 2865 dona-

102 2893 201 2956 tiones
214 2893 484 2962 remuneraiorias,
503 2890 594 2952 etiam
610 2905 752 2969 magnas,
771 2889 863 2950 modo
881 2891 941 2950 sint
953 2909 1079 2971 propor-

101 2983 226 3046 tionatae
241 2979 355 3042 meritis
374 2985 405 3042 et
422 2979 574 3060 obsequiis
588 2977 746 3060 prestitis,
774 2976 874 3040 lacere
902 2978 933 3040 in
954 2980 1079 3060 gratiam

101 3069 323 3150 eorumquiin
344 3069 503 3131 ecclesiam
517 3069 564 3130 vel
587 3068 620 3130 in
648 3069 748 3148 ipsum
768 3067 926 3130 Praelatum
953 3068 1080 3132 benefici

101 3159 198 3224 luere.
216 3158 250 3220 ld
264 3157 380 3220 eruitur
389 3175 426 3219 ex
441 3158 571 3238 ipsomet
584 3175 650 3239 cap.
663 3160 694 3234 5,
709 3155 754 3218 De
768 3156 989 3218 donationibus:
1005 3159 1080 3222 ratio

99 3257 145 3312 est
156 3247 232 3330 quia
242 3245 612 3308 donatloremuneratoria
622 3264 684 3307 non
694 3251 740 3306 est
752 3263 836 3308 mera
844 3245 1013 3324 liberalitas,
1027 3249 1081 3312 sed

98 3345 145 3402 eet
155 3335 271 3400 solutio
282 3334 375 3396 debiti
387 3335 596 3416 gratitudinis;
613 3334 788 3414 hujusmodi
803 3341 904 3396 tamen
919 3334 1041 3398 donatio
1055 3339 1078 3402 si

99 3426 138 3489 de
155 3425 249 3488 bonis
268 3423 474 3485 immobilibus
488 3431 539 3484 aut
554 3423 717 3484 mobilibus
733 3423 869 3503 pretiosis
887 3423 938 3485 fiat
954 3473 962 3498 ,
980 3427 1078 3488 vestiri

100 3515 191 3577 debet
205 3511 450 3576 solemnitatibus
461 3511 611 3593 requisitis
623 3511 792 3592 protalium
806 3510 996 3576 alienatione.

138 3616 266 3676 ltemex
278 3612 370 3672 causa
385 3611 502 3690 pietatis
514 3611 630 3671 Praelati
642 3615 789 3690 possunt,
811 3611 902 3672 etiam
925 3611 990 3673 sine
1004 3631 1077 3674 con·

98 3719 193 3763 sensu
203 3697 346 3780 Capituli,
358 3699 574 3779 impenderem
588 3717 680 3779 opera
691 3701 752 3780 pia,
766 3699 868 3762 autad
882 3701 1076 3762 sublevamen

101 3807 275 3872 pauperum
288 3791 402 3849 certam
414 3795 531 3868 partem
547 3786 698 3850 bonorum
713 3789 853 3850 Ecclesiae
870 3834 878 3864 ,
893 3807 962 3868 quae
978 3789 1077 3851 deter-
