2574 4198
201 221 278 290 ,fill
496 228 649 284 aucupum
668 200 752 270 rums
768 219 922 286 ,cuuourcn

205 317 207 320 ⁵
261 336 331 397 806.
353 331 476 406 Quaerit.
499 332 530 391 5⁰
552 329 644 402 Quale
668 343 733 389 esse
753 323 861 388 debeat
881 319 1024 384 delictum
1047 329 1083 390 ut
1103 321 1200 401 judex

222 423 315 502 possit
329 439 382 483 reo
397 435 501 500 peenas
517 416 675 499 irrogare?

263 511 352 590 Resp.
371 508 415 570 Ad
432 507 578 568 delictum
595 505 693 588 poenis
714 499 908 586 plectendum
927 499 1064 580 quinque
1087 499 1199 563 condi-

216 597 320 664 tiones
331 596 495 678 generatim
511 595 706 676 requiruntur
719 614 724 652 :
737 589 873 652 videlicet
885 595 919 649 ut
932 587 969 648 sit
983 591 1013 650 l·
1023 594 1199 667 externum,

205 763 206 768 ἵ
223 687 256 746 ⁰2⁰
271 685 439 765 proprium,
455 687 486 747 3⁰
506 701 607 765 grave,
629 687 665 765 40
679 683 937 765 consummatum,
955 679 989 740 5⁰
1006 675 1108 740 debile
1126 695 1200 760 pro-

223 771 338 835 batum.

268 864 295 922 l⁰
311 863 404 922 Debet
423 879 488 923 esse
504 869 658 924 euternum
675 880 682 921 ε
698 877 769 921 nam
789 856 924 920 Ecclesia
946 873 1008 916 uon
1024 854 1142 935 judicat
1163 857 1201 917 do

225 949 350 1012 internis
375 951 430 1012 nisi
453 951 483 1012 in
507 951 572 1012 loro
595 947 791 1031 poenitentiali
809 967 816 1008 :
833 965 898 1028 cap.
925 943 1198 1025 capitationem,

203 1028 269 1101 ‘De
285 1041 455 1120 poenitent,
470 1039 539 1101 dist.
563 1041 590 1100 l.
608 1037 736 1101 Omissio
749 1041 852 1098 temen
865 1035 943 1106 octale
961 1034 1112 1095 externit
1133 1034 1201 1116 lego

207 1121 209 1126 ’
226 1129 390 1208 praescripti
412 1128 538 1190 habetur
560 1133 593 1190 ut
610 1145 688 1208 opus
708 1133 861 1189 externum
879 1130 908 1185 et
928 1123 1025 1203 poenis
1038 1123 1198 1203 subjacet:

226 1225 291 1296 cap.
316 1215 432 1290 Quanto
452 1222 501 1292 l'l,
520 1217 701 1278 noscerent.
717 1233 880 1290 excomm.;
901 1213 962 1273 imd
982 1211 1037 1273 etsi
1052 1211 1200 1276 delictum

226 1305 357 1367 exterius
375 1303 510 1384 prodeat,
529 1305 553 1366 si
573 1321 635 1367 non
654 1309 795 1385 appareat
815 1302 872 1364 sub
890 1299 990 1382 specie
1008 1299 1112 1361 malie
1134 1301 1202 1382 lega

226 1393 324 1472 poenis
340 1393 500 1473 plectendi,
516 1393 688 1472 huiusmodi
705 1393 801 1474 poenis
816 1390 917 1472 puniri
933 1388 1037 1470 nequit
1053 1407 1061 1450 ε
1078 1389 1164 1452 unde
1178 1395 1200 1452 si

227 1480 305 1560 quis,
322 1502 347 1542 v.
363 1503 405 1563 g.,
417 1501 522 1543 carnes
532 1482 581 1544 die
595 1481 745 1564 prohibito
755 1477 937 1554 comederet,
948 1479 985 1539 ed
1001 1477 1084 1557 quod
1098 1479 1201 1540 credat

207 1561 392 1631 ‘Ecclesiam
415 1590 475 1632 non
500 1571 610 1632 habere
628 1575 806 1652 potestatem
826 1567 898 1629 illud
919 1565 1120 1646 prohibendi,
1140 1586 1199 1629 nou

221 1655 393 1726 ,incurreret
417 1659 521 1741 poenas
540 1665 646 1722 contra
659 1658 817 1722 haereticos
838 1661 970 1730 statutas,
985 1653 1058 1735 quia
1078 1655 1202 1719 haeresis

210 1767 212 1772 ’
229 1763 289 1808 non
305 1755 384 1810 esset
394 1755 572 1830 apparenter
586 1756 720 1811 esterna.

269 1837 371 1898 Posset
386 1845 487 1898 tamen
509 1835 643 1898 Ecclesia
664 1841 764 1898 actum
782 1838 958 1904 externum,
973 1833 1097 1897 aliunde
1118 1835 1152 1898 in
1171 1855 1201 1899 sc
1279 1895 1280 1898 ,

208 1931 213 1940 ’
229 1925 355 2001 malum,
373 1926 469 2004 poenis
487 1925 616 2006 plectere
630 1925 687 1987 sub
705 1923 877 1986 conditione
891 1922 984 1984 solius
997 1923 1121 1986 malitiae
1135 1945 1201 2006 quae

210 2009 213 2016 ’
230 2013 267 2072 ab
281 2013 583 2093 internoproccderet
600 2033 606 2072 :
622 2033 651 2076 v.
669 2033 713 2094 g„
729 2019 830 2093 posset
843 2009 912 2072 terri
927 2013 1203 2078 excommunicatio

230 2101 275 2162 uel
290 2103 347 2162 alia
361 2119 449 2181 poeua
463 2104 494 2164 in
509 2119 561 2164 eos
575 2103 694 2162 tantirm
708 2101 761 2182 qui
779 2101 904 2162 scienter
917 2107 969 2162 aut
982 2101 1089 2162 temere
1102 2109 1154 2165 aut
1167 2123 1201 2165 er

208 2191 456 2271 'presumptione
478 2191 590 2271 aliquid
615 2190 730 2272 egerint
744 2209 752 2251 ε
765 2189 841 2252 ratio
861 2196 906 2252 cst
926 2190 1006 2271 quia,
1028 2192 1101 2252 oium
1121 2200 1203 2254 aolus
1278 2187 1279 2190 ’

209 2278 269 2366 jsit
292 2279 414 2340 aliunde
437 2279 551 2355 malus,
572 2297 606 2340 ac
629 2279 737 2340 meritd
759 2278 852 2360 possit
873 2279 971 2360 poenis
991 2279 1096 2358 plecti,
1122 2283 1203 2344 nulla

233 2365 376 2446 injustitia
391 2367 527 2448 estquod
540 2386 600 2429 non
616 2369 759 2449 puniatur
771 2367 828 2428 nisi
839 2369 962 2429 vestitus
976 2368 1014 2428 sit
1027 2369 1119 2431 certis
1130 2388 1203 2432 con·

231 2453 407 2534 ditionibus
426 2475 537 2539 nempe
551 2457 633 2538 qudd
653 2457 691 2518 sit
706 2462 844 2536 peractus
856 2456 995 2530 amenter,
1011 2457 1131 2534 temere,
1146 2467 1201 2521 eto.
1277 2475 1278 2504 l

210 2553 214 2562 '
271 2549 303 2607 2⁰
320 2547 498 2626 Proprium,
514 2546 621 2607 saltem
639 2545 741 2626 aliquo
759 2544 851 2606 modo
867 2563 874 2605 :
891 2563 984 2606 nam:
1003 2567 1017 2604 c
1035 2565 1099 2608 non
1117 2548 1203 2611 debet

210 2645 214 2652 ’
232 2633 341 2714 uliquis
353 2635 476 2695 alterius
489 2634 559 2695 odio
573 2632 751 2716 praegravari
765 2653 795 2696 a.
812 2634 885 2715 Κεφ.
899 2634 985 2696 doris
998 2638 1051 2712 m,
1067 2638 1101 2697 in
1116 2639 1160 2700 6⁰.

212 2719 213 2724 ’
272 2723 422 2796 Diximus,
445 2722 549 2784 saltem
572 2723 673 2806 aliquo
690 2720 773 2783 modo
788 2743 796 2784 :
811 2741 892 2793 nam,
910 2729 1031 2804 propter
1050 2726 1168 2789 crimen
1188 2731 1202 2787 al
1276 2765 1277 2778 η

233 2814 348 2891 majore
359 2813 688 2892 parlecommuuitatis,
700 2810 1203 2892 velecapiteipsiuscommissum

212 2905 295 2964 'tota
312 2901 514 2963 communitas
535 2907 631 2982 polest
649 2901 755 2982 subjici
776 2899 945 2974 interdicto,
962 2902 1006 2963 vel
1027 2905 1091 2965 suis
1114 2905 1204 2986 privi-

134 3053 137 3058 ,
234 2991 320 3072 legiis
343 2990 489 3070 spoliari;
513 2995 545 3051 et
571 2991 614 3052 sic
640 2991 732 3052 etiam
759 2989 938 3052 innocentes
960 2993 1153 3072 puniuntur3
1179 3003 1206 3056 ct

235 3079 358 3161 quidem
389 3095 450 3138 non
480 3078 655 3156 immerito,
679 3079 791 3160 quippe
813 3077 957 3140 delictum
981 3083 1207 3146 communitatis

235 3168 378 3230 omnibus
393 3165 539 3227 membris
552 3167 707 3247 proprium
719 3185 784 3229 esse
796 3173 945 3230 censetur.
964 3171 1107 3233 Attamen
1124 3173 1207 3235 Boni·

235 3253 330 3317 lacius
351 3253 413 3316 Vlli
433 3255 582 3334 sapienter
599 3256 699 3317 statuit
714 3259 793 3336 (cap.
815 3255 946 3317 Romano
968 3261 998 3332 5,
1024 3257 1063 3320 ue
1083 3270 1203 3324 sentent.
1274 3319 1275 3328 ,

235 3359 393 3424 ceronam,
408 3343 438 3403 in
454 3343 498 3426 60)
508 3348 545 3406 ut
560 3343 617 3406 hoc
634 3363 696 3406 non
713 3344 819 3406 habeat
832 3343 934 3407 locum
950 3347 981 3407 in
996 3365 1068 3410 casu
1084 3368 1207 3415 excom·

232 3432 472 3499 itiuurcatroms:
499 3435 564 3496 uln
586 3433 812 3499 Universitatem
831 3433 876 3495 rel
896 3435 1058 3517 collegium
1081 3441 1205 3519 proferri

240 3523 595 3585 «excommunicationis
625 3521 802 3584 sententiam
834 3524 954 3602 penitus
987 3527 1204 3604 prohibemus:
1273 3525 1274 3534 ’

241 3615 346 3673 rcum
368 3629 589 3692 nonuunquam
609 3613 764 3690 contingat
783 3610 921 3674 innoxios
938 3614 1114 3692 hujusmodi
1135 3638 1202 3682 sen·

241 3717 256 3758 e
277 3702 369 3760 tentio
381 3701 497 3761 irretiri.
513 3721 529 3758 a
