2590 4208
495 304 582 352 trouu
601 303 735 350 ruamus.
1055 301 1091 361 'll

124 411 159 475 in
180 427 244 490 qua
259 409 371 473 electio
385 411 421 473 tit
430 431 441 487 ;
468 413 561 490 etsi,
583 413 704 489 vocati,
730 429 797 476 nou
811 413 963 489 adessent,
979 415 1099 497 electio,

119 493 255 580 quando
272 499 409 578 religiosi
423 510 498 564 suut
511 504 660 583 exempti,
677 501 717 563 ad
732 499 901 564 Summum
915 503 1099 569 Pontificem

116 586 354 650 devolveretur.
364 587 454 652 lrrita
469 599 575 652 autem
590 589 714 668 electio,
728 589 753 651 si
767 609 851 652 ursus
864 590 1049 669 electorum,
1059 593 1099 655 ti·

115 685 169 738 cet
183 674 288 750 solus,
311 675 351 738 ad
369 678 583 757 prestandum
615 677 821 756 suffragium,
849 679 994 758 quamvis
1017 699 1097 760 prae-

118 782 206 840 sens,
224 781 286 826 non
310 765 538 829 admitteretur.
566 767 597 830 Si
613 767 685 848 quis
700 785 774 829 vero
788 767 906 830 elector
920 785 984 830 uon
999 785 1096 832 voea-

120 861 221 927 retur,
243 852 396 916 irritanda
420 855 623 918 solummodo
642 862 732 918 esset.
752 855 797 918 Ad
813 855 952 918 valorem
967 855 1093 920 electio·

120 942 172 1004 uis
186 959 269 1023 opus
283 951 340 1012 est,
359 949 392 1004 ut
408 943 554 1024 suffragia
570 963 644 1007 mox
657 945 690 1006 iu
705 945 867 1007 communi
880 943 1090 1026 publicentur,

119 1029 258 1093 dicendo
272 1047 379 1092 coram
394 1039 459 1094 tota
475 1033 718 1114 congregatione
732 1042 811 1113 quot
830 1051 971 1113 personae
984 1033 1095 1097 suffra·

118 1121 212 1200 gium
238 1119 393 1195 dederint,
419 1138 483 1184 non
508 1127 614 1184 tamen
635 1138 694 1202 pro
716 1139 781 1201 quo
808 1121 953 1201 suffragia
980 1121 1098 1185 fuerint

121 1209 210 1271 data.
237 1208 283 1270 Ad
307 1207 516 1272 substantiam
530 1209 689 1274 electionis
708 1211 842 1290 pertinet
863 1209 949 1291 quod
973 1220 1096 1274 scruta·

119 1307 208 1362 tores
229 1299 312 1358 inter
332 1315 364 1359 se
387 1297 552 1362 conferant
577 1298 617 1360 de
641 1297 865 1378 suffragiorum
887 1318 1032 1364 numero.
1058 1331 1096 1350 -

119 1389 204 1450 Cum
218 1393 324 1449 autem
335 1395 452 1450 secreta
468 1386 678 1450 essedebeant
690 1387 849 1467 suffragia,
864 1389 968 1452 locum
980 1389 1012 1452 iu
1023 1407 1097 1452 casu

124 1494 191 1538 non
207 1474 327 1538 hahent
342 1484 407 1537 tam
420 1475 531 1539 electio
541 1494 598 1558 per
611 1476 859 1556 compromissum,
874 1495 973 1558 quam
987 1478 1097 1542 electio

119 1585 180 1649 per
193 1565 432 1646 inspirationem.

166 1657 242 1717 Jure
250 1655 412 1717 communi
423 1653 602 1736 Superioris
611 1653 767 1734 generalis
776 1655 886 1718 electio
901 1664 971 1718 esta
982 1655 1097 1718 Sancta

123 1743 208 1808 Sede
223 1742 453 1807 confirmanda.
470 1744 517 1806 Ex
532 1743 770 1806 statutisautem
783 1744 924 1826 plurium
935 1744 1096 1817 ordinum,

127 1833 251 1896 Praelati
271 1831 434 1895 inferiores
449 1851 468 1896 a
489 1831 707 1915 superioribus
726 1833 957 1908 instituuntur,
971 1841 1003 1896 et
1017 1833 1065 1896 isti
1080 1851 1097 1894 a

122 1921 643 2002 Congregationibusgeneralibus
653 1918 1099 1996 Ordinisiluandoverocons·

127 2011 292 2074 titutioues
306 2011 389 2073 circa
401 2009 703 2074 modumelectionis
713 2011 823 2086 silent,
839 2011 1004 2074 interiores
1015 2011 1094 2074 Prae·

123 2103 182 2163 lati
203 2100 315 2162 eodem
330 2098 424 2162 modo
440 2100 577 2179 eligendi
592 2106 667 2162 suut
679 2117 715 2162 ac
727 2099 903 2180 superiores
923 2101 1097 2180 generales,

166 2190 202 2252 ln
219 2187 523 2269 congregationibus
538 2189 694 2271 Episcopo
706 2189 854 2270 subjectis
864 2189 904 2251 ab
918 2189 1098 2252 istoeoufir·

122 2280 208 2342 mari
223 2278 327 2341 solent
340 2279 529 2358 superiores

167 2367 319 2430 Praelatus
334 2367 487 2446 regularis
502 2366 645 2430 nondum
663 2367 867 2431 oottdrmatus
881 2369 992 2448 nequit
1004 2387 1057 2448 per
1070 2387 1099 2431 se

121 2468 178 2523 cut
189 2477 244 2535 per
257 2457 363 2531 ulium,
380 2458 413 2517 iu
437 2466 495 2518 tuto
517 2457 563 2518 uel
577 2459 610 2518 irc
622 2467 709 2538 purte
721 2501 730 2532 ‚
743 2458 846 2538 quouis
859 2459 979 2537 quesite
991 2457 1096 2519 colore.

122 2547 268 2630 regimini
281 2547 469 2622 monasterii,
485 2553 546 2608 tum
561 2547 594 2608 in
607 2545 814 2628 spiritualibus
829 2555 892 2606 tum
907 2547 939 2606 iu
953 2557 1099 2626 tempora·

124 2637 226 2714 libus,
241 2655 299 2698 sese
315 2636 488 2709 immiscere,
503 2635 548 2697 vel
565 2655 595 2696 se
609 2634 705 2714 recipi
725 2633 896 2714 facereret
909 2636 984 2696 alias
1005 2654 1034 2696 se
1043 2653 1100 2715 pro

127 2726 265 2790 Proeluto
278 2745 391 2806 perere,
404 2735 562 2806 antequam
578 2723 678 2786 electio
691 2724 747 2783 rite
760 2721 905 2784 celebrata
929 2742 948 2785 u
970 2725 1102 2786 Bomuuo

127 2813 309 2895 Pontifiee...
323 2813 498 2895 confirmata
523 2813 629 2894 suerit,
655 2823 680 2874 et
706 2811 812 2873 littere
825 2811 948 2892 desuper
961 2811 1103 2894 ecpeditm

124 2905 253 2982 suerint.
272 2903 356 2983 (Pius
371 2901 422 2976 lv,
439 2901 544 2964 Consi.
562 2899 793 2981 Suuctr'sst'mus.)
1192 2900 1195 2906 ’

169 2991 302 3067 Quando
317 2991 436 3054 Praelati
458 2991 668 3054 benedictioni
683 2989 772 3052 locus
785 2997 831 3050 est
847 3037 854 3062 ‚
872 2989 939 3052 lieri
949 2989 1048 3052 debet
1065 2991 1103 3052 iis

79 3105 85 3114 ¹
128 3081 242 3145 diebus
257 3079 373 3162 quibus
395 3078 530 3143 coni'erri
550 3088 682 3160 possunt
702 3079 840 3142 minores
863 3079 1000 3152 ordines,
1013 3086 1043 3140 et
1064 3079 1103 3140 ah

127 3173 299 3252 Episcopo,
317 3185 381 3232 nou
402 3186 476 3231 vero
498 3168 539 3230 ab
553 3167 729 3231 Abbatihus
749 3179 796 3229 est
816 3166 1038 3247 impendenda.
1058 3166 1101 3250 (S.

128 3261 163 3324 il.
183 3259 216 3322 G.
241 3257 411 3320 lddecem.
429 3257 534 3338 1631.)
971 3334 973 3340 Ι

169 3348 217 3410 Ab
238 3347 394 3428 Episcopo
412 3346 603 3422 dioecesano,
621 3345 742 3408 secluso
757 3345 885 3427 speciali
901 3345 1043 3422 indulto,
1058 3355 1104 3408 est

128 3435 336 3513 conferenda3
352 3442 382 3498 et
398 3435 527 3517 quidem
544 3437 626 3500 iutra
644 3435 811 3496 missarum
827 3434 993 3514 solemnia,
1008 3437 1086 3498 assis

130 3527 271 3590 tentibus
284 3524 411 3587 duobus
426 3523 606 3586 abbatibus.
794 3604 796 3608 Ι

172 3615 261 3677 1017.
286 3614 412 3688 Quaerit.
436 3618 468 3676 2⁰
489 3611 654 3687 Quomodo
668 3611 832 3674 amittatur
846 3615 1000 3692 regularis
1022 3615 1104 3678 Prae·-

128 3703 261 3770 latura‘l

170 3793 263 3874 Resp.
280 3789 485 3873 Quadruplici
501 3789 596 3854 modo
610 3788 858 3871 hoeooutingere
875 3799 993 3872 potest:
1007 3793 1040 3854 l⁰
1053 3811 1087 3856 rs
