2590 4208
491 259 577 308 truttu
597 259 730 310 TERTIUS.

525 477 672 530 ruutt'tutt
690 478 711 528 l.

238 645 328 693 utum
344 646 404 686 suut
419 646 526 686 conduttt
542 634 567 689 ill
585 647 730 687 uttttlotttffl
753 646 807 686 SINT
823 645 979 685 turtureum.

171 794 244 859 932.
267 797 302 857 lu
322 814 393 858 earn
417 795 545 877 quidem
563 815 674 860 omues
696 795 818 859 admitti
834 802 968 877 possunt
991 791 1045 870 qui
1067 788 1107 850 ad

130 884 193 948 hoa
212 901 313 964 genus
334 885 406 948 vitae
428 887 578 967 aspirant,
605 886 631 947 si
652 885 819 948 videantur
833 883 898 962 apti
922 890 953 944 et
981 886 1109 960 propter

132 971 281 1056 quaedam
297 973 445 1056 specialia
460 974 686 1055 impedimenta
701 992 765 1036 non
785 971 1025 1055 prohibeantur.

178 1062 297 1124 Porro:
322 1061 354 1124 l⁰
370 1062 432 1142 apti
449 1079 512 1125 non
529 1071 602 1124 sunt
616 1070 778 1137 amentes,
795 1077 971 1139 eorumque
990 1055 1109 1118 admis-

134 1151 183 1214 sio
197 1149 339 1212 inralida
354 1161 434 1213 esset
443 1173 452 1226 ;
467 1157 500 1213 2⁰
518 1149 704 1213 admittendi
719 1168 785 1213 non
802 1157 877 1212 sunt
892 1147 971 1211 servi
984 1165 994 1223 ;
1010 1145 1076 1206 imo
1090 1159 1107 1204 a

135 1239 276 1303 dominis
291 1239 355 1302 suis
370 1241 453 1302 intra
467 1241 639 1302 triennium
663 1241 760 1319 repeti
776 1246 927 1322 possunt,
949 1235 973 1298 si
991 1233 1111 1312 absquo

135 1329 346 1410 ipsorummet
367 1348 523 1393 consensu
538 1329 765 1410 professionem
789 1327 968 1403 emiserint3
984 1325 1017 1386 3⁰
1030 1339 1109 1384 eon·

135 1416 227 1500 iuges
243 1419 311 1480 siue
325 1436 481 1481 consensu
497 1419 666 1499 compartis
688 1437 752 1482 nou
768 1426 843 1481 sunt
864 1416 980 1499 pariter
995 1409 1111 1474 admit-

137 1503 238 1580 tendi,
263 1506 391 1587 quando
413 1507 652 1570 matrimonium
674 1507 732 1570 tuit
756 1511 1032 1575 consummatum,
1049 1498 1110 1560 nisi

139 1601 294 1676 perpetua
317 1597 472 1676 separatio
492 1595 584 1658 fuerit
598 1597 736 1674 legitime
758 1595 838 1658 facta
852 1612 909 1675 per
923 1587 1108 1653 sententiam

137 1682 308 1765 Episcopi,
331 1683 668 1765 propter·adutterium
690 1683 838 1758 carnale,
864 1681 912 1744 rel
934 1675 1110 1760 spirituale,

137 1771 258 1835 scilicet
272 1781 400 1853 propter
413 1773 568 1836 heresim.

179 1859 323 1922 Diximus
335 1861 451 1942 quaudo
463 1864 682 1924 matrimonium
695 1863 995 1944 suitcomummutum
1011 1875 1022 1918 .·
1036 1871 1112 1915 narn

138 1948 209 2033 jura
224 1949 401 2010 concedunt
415 1951 604 2032 conjugibus
627 1961 661 2015 ut
685 1951 827 2034 possint,
849 1956 1001 2013 renuente
1014 1945 1108 2006 etiarn

139 2045 313 2120 comperte,
329 2039 512 2119 religionem
529 2041 667 2119 ingredi,
690 2041 715 2103 si
731 2038 968 2102 matrimonium
985 2035 1024 2097 sit
1039 2040 1111 2094 tan·

138 2125 305 2190 tummodo
329 2136 446 2203 ratum,
461 2128 579 2190 scilicet
593 2129 737 2192 nondum
752 2133 1027 2200 consummatum3
1045 2125 1114 2183 imo

140 2214 324 2296 hujusmodi
342 2216 524 2296 conjugium
541 2216 682 2280 dissolvit
696 2217 846 2280 solemnis
869 2213 1039 2297 professi03
1066 2211 1113 2273 ita

140 2311 176 2366 ut
187 2321 260 2384 pars
273 2303 421 2366 derelicta
436 2307 534 2386 possit
547 2314 625 2368 tunc
637 2307 676 2388 ad
692 2307 770 2368 alias
784 2304 952 2368 mnvolare
971 2303 1107 2383 nuptias.

141 2391 325 2454 Concedunt
345 2392 441 2472 igitur
452 2393 523 2475 jura
545 2396 653 2476 nuptis
676 2394 840 2469 bimestre,
856 2391 941 2474 quod
957 2389 1113 2471 probabi·

140 2480 203 2544 lius
220 2490 267 2542 est
285 2498 303 2542 a
321 2481 428 2561 judice
441 2483 652 2546 ecclesiastico
672 2481 918 2566 praefigendum,
941 2486 976 2540 ut
990 2476 1109 2538 delibe-

140 2587 211 2632 rare
226 2569 351 2631 valeant
364 2589 403 2632 an
424 2573 487 2634 sint
500 2573 533 2635 in
549 2574 754 2636 matrimonio
774 2567 985 2652 permansuri,
999 2566 1047 2628 rel
1062 2565 1108 2646 ip·

141 2659 184 2722 sis
208 2657 354 2740 expediat
373 2659 493 2741 ingredi
515 2663 710 2742 religionem.
736 2659 782 2745 (G.
812 2659 929 2736 Verum,
945 2664 978 2718 et
991 2675 1019 2718 c.
1032 2701 1041 2728 ,
1056 2654 1114 2716 Ea

140 2746 273 2832 publico,
289 2747 324 2809 de
336 2765 463 2812 convers.
479 2753 608 2836 conjug.)

180 2847 251 2910 953.
274 2849 308 2906 4⁰
334 2847 403 2910 Non
425 2856 472 2911 est
492 2851 707 2916 admittendus
724 2851 791 2931 jam
814 2847 847 2908 in
872 2844 933 2906 alia
960 2841 1111 2921 religione

142 2935 321 3017 protessus,
347 2937 407 2998 nisi
428 2940 578 3003 transitus
599 2942 653 3002 fiat
679 2960 697 3004 a
724 2936 836 3002 laxiori
859 2933 899 2998 ad
924 2932 1113 2995 strictiorem

142 3023 251 3108 (Cone.
274 3025 358 3088 Trid.
379 3045 452 3089 sess.
470 3044 532 3091 xxv
545 3048 572 3092 c.
591 3033 645 3108 19,
661 3030 696 3093 de
716 3025 888 3110 Repetam).
918 3022 985 3086 lmo
1001 3021 1032 3080 in
1051 3019 1117 3082 hoe

142 3112 307 3198 posteriori
321 3132 396 3176 casu
409 3118 559 3180 transitus
573 3129 620 3182 est
633 3119 761 3182 illicitus
776 3117 801 3179 si
817 3116 872 3178 liat
884 3130 923 3176 em
937 3109 1108 3182 temeritate,

140 3201 338 3278 autleuitcte,
355 3214 408 3266 aut
423 3205 610 3284 iniustorum
626 3209 673 3270 uel
693 3206 840 3291 injuriam
853 3200 974 3285 proprii
985 3197 1109 3260 ordinis·

141 3291 188 3354 lta
201 3290 310 3354 innoc.
328 3292 365 3355 llt
385 3295 417 3355 in
437 3313 507 3378 cap.
525 3298 615 3375 Licet,
633 3298 824 3380 Derepulur,
845 3295 877 3355 in
892 3309 956 3373 quo
970 3289 1116 3371 praecipit

143 3388 178 3444 ut
191 3388 319 3463 petatur
333 3382 461 3446 licentia
479 3403 497 3448 a
511 3388 682 3468 superiore,
705 3401 851 3469 quamvis
866 3383 964 3465 ipsius
978 3397 1110 3442 consen·

145 3486 197 3532 uus
211 3487 276 3532 non
292 3471 332 3532 sit
347 3475 540 3538 necessarius
554 3484 642 3539 extra
656 3495 763 3540 casum
779 3473 934 3556 privilegii
951 3471 1113 3551 specialisi
1150 3523 1153 3530 .

145 3557 197 3622 tad
212 3566 290 3622 tunc
304 3559 344 3622 ad
359 3559 471 3626 Sedent
485 3565 699 3649 Apostolicam
713 3573 760 3628 est
773 3561 1011 3625 recurrendum.

181 3646 354 3730 Nunquam
390 3653 543 3717 moniales
577 3654 759 3719 solemniter
797 3651 944 3735 professe
981 3651 1118 3712 transire

145 3747 265 3819 queunt
285 3739 323 3800 ad
346 3739 443 3804 aliurn
466 3744 636 3823 ordinem,
660 3743 768 3808 autad
785 3743 871 3809 aliud
887 3749 1118 3810 monasterium
