2604 4196
173 326 238 386 569
452 332 605 378 crunnum
625 321 708 376 cunis
728 329 877 374 ennonrer.

174 436 303 501 siasticis
317 435 393 498 tanti
406 453 436 496 m
451 431 622 514 superfluis
638 450 700 494 non
710 431 782 493 verd
796 430 833 492 de
849 429 903 490 sibi
916 429 1095 492 necessariis
1105 431 1159 495 be·

180 524 326 590 ueticiarii
342 523 502 586 sutrenire
516 528 658 583 tenentur
669 523 767 595 ;-3θ
777 521 848 580 cirm
863 518 943 580 bona
957 519 1162 585 ecclesiastiea

177 634 242 676 non
254 619 428 694 suppetunt,
443 609 617 692 parochiani
632 608 754 670 tandem
768 607 805 668 ed
819 607 900 670 bene
911 607 1162 672 instaurationem
1186 679 1189 686 ,
1204 677 1208 684 ,

178 711 251 765 sunt
272 701 476 782 compellendi
490 721 498 776 ;
515 699 628 762 recurri
644 704 740 778 potest
754 698 844 758 etiarn
861 695 943 776 apud
959 715 1014 758 nos
1028 697 1066 758 ad
1082 718 1163 761 aern-

178 792 261 852 rium
277 791 435 871 pubiicum
455 809 509 852 seu
529 788 625 862 civile,
642 806 678 848 ex
693 792 748 847 art.
765 790 804 849 92
818 785 935 847 Decreti
949 788 989 848 30
1003 785 1162 853 decembr.

182 882 272 950 1809;
283 911 320 927 -
331 879 362 940 4⁰
375 877 401 939 si
417 878 519 940 nuilus
533 875 661 956 supersit
675 875 810 936 ecelesiae
823 873 1026 941 instaurandae
1039 877 1162 952 modus,
1221 895 1224 900 ·

182 969 215 1029 in
226 967 368 1048 profanos
389 986 463 1030 usus
478 985 539 1028 non
551 963 688 1026 sordidos
703 962 827 1026 eeclesia
841 963 1046 1040 convertitur,
1060 965 1165 1046 ibique

181 1058 326 1136 erigenda
340 1062 385 1116 est
398 1074 484 1128 crux,
496 1061 526 1116 et
540 1055 604 1133 ejus
616 1053 685 1134 iura
697 1051 733 1114 ad
749 1051 905 1114 matricem
919 1057 972 1114 aut
984 1053 1164 1118 viciniorem

181 1145 342 1206 ecelesiam
354 1143 589 1205 transferuntur.

225 1231 329 1303 Quoad
359 1231 551 1292 Catbedrates
580 1229 748 1303 Ecclesiae,
774 1247 826 1290 eas
852 1227 1018 1292 instaurare
1045 1237 1167 1296 tenetur

183 1321 269 1380 sotus
281 1319 450 1400 Episcopus
461 1319 484 1379 si
499 1317 633 1380 redditus
646 1316 814 1397 superfluos
828 1317 951 1395 babeat,
967 1325 996 1380 et
1012 1338 1075 1381 non
1088 1321 1166 1384 adsit

184 1407 319 1487 legitima
337 1407 526 1469 consuetudo
549 1407 579 1468 in
598 1407 804 1480 eontrarium
829 1406 853 1468 si
874 1414 980 1468 autem
997 1409 1166 1491 Episcopus

188 1495 320 1568 redditus
334 1496 504 1576 superfluos
520 1514 581 1556 non
603 1494 709 1555 habeat
727 1493 765 1555 ad
788 1493 971 1556 cathedralis
989 1504 1068 1558 sarta
1088 1504 1165 1560 tecta

184 1583 340 1658 facienda,
367 1584 507 1664 compelli
531 1591 657 1664 possunt
675 1583 818 1645 Cenoniei
838 1582 1008 1664 superfluos
1029 1585 1165 1649 redditus

185 1670 347 1746 babentes,
364 1673 425 1734 sive
437 1691 473 1733 err
489 1672 667 1754 praebendd,
683 1671 745 1732 sive
759 1691 795 1733 ex
805 1671 1071 1744 distributionibus
1086 1694 1164 1756 qno·

185 1759 307 1822 tidianis
326 1760 451 1842 aliisque
472 1761 562 1823 rebus
582 1760 721 1841 Capituli.
748 1761 863 1822 Horum
877 1759 996 1822 defectu
1010 1764 1077 1843 cogi
1094 1784 1164 1844 pos·

184 1856 258 1912 sunt
271 1850 428 1911 inferiores
438 1850 538 1912 cleriei
551 1849 588 1911 ad
601 1848 857 1911 contribuendum
871 1847 909 1910 de
924 1849 986 1911 suis
998 1851 1165 1915 redditibus

184 1939 367 2016 superfluis;
383 1947 412 2000 et
426 1940 515 2000 etiam
530 1938 667 2018 deputari
683 1944 809 2017 possunt
820 1937 934 1999 fructus
944 1937 1164 2003 beneficiorum

184 2028 369 2109 vacantium.
384 2030 418 2088 ln
432 2027 524 2088 carne
538 2027 726 2088 Gubernium
741 2026 772 2086 in
786 2044 818 2087 se
830 2026 956 2108 suscipit
968 2045 1046 2090 onus
1061 2029 1166 2092 Cathe-

184 2115 285 2176 draies
298 2116 446 2178 Ecclesias
463 2115 662 2178 restaurandi.

227 2205 300 2275 Quae
314 2204 390 2267 dicta
403 2211 473 2266 sunt
484 2203 521 2266 de
536 2204 775 2286 reparationibus
789 2204 924 2267 ecelesiis
938 2205 1105 2283 faciendis,
1120 2209 1165 2274 in·

188 2291 348 2372 redigenda
363 2300 433 2354 sunt
442 2292 479 2353 de
490 2292 721 2354 reaedificatione
733 2311 769 2354 ac
783 2293 947 2355 refectione
960 2293 1071 2356 domus
1083 2313 1166 2376 pres·

189 2379 327 2460 byteralis
353 2389 402 2444 aut
430 2381 612 2443 beneficialis
635 2388 686 2443 aut
709 2381 812 2442 Pataui
847 2383 1052 2464 Episcopaiis,
1078 2385 1164 2463 juxta

183 2467 419 2532 declarationem
434 2472 464 2532 S.
483 2471 594 2550 Congr.
610 2471 703 2532 Cone.
720 2471 737 2532 1
754 2470 884 2532 Barbosa
898 2472 1030 2536 citatam.
1047 2475 1164 2536 Doeent

184 2558 299 2636 pariter
319 2560 382 2620 bn.
403 2558 484 2638 quod
499 2558 620 2639 parochi
634 2559 725 2621 etalii
742 2559 930 2638 beneticiati,
951 2560 1164 2626 deficientibus

161 2646 321 2707 ¹ecelesiae
346 2647 530 2722 redditibus,
555 2654 716 2709 teneantur
739 2648 776 2708 ad
801 2648 963 2711 reficienda
986 2664 1163 2730 paramenta

183 2733 407 2812 ecclesiastica,
422 2742 450 2796 et
465 2753 534 2796 vasa
555 2753 639 2797 sucre
659 2737 864 2799 restauranda.
880 2740 967 2800 -In
982 2739 1077 2802 cattis
1092 2745 1165 2806 verb

188 2839 243 2902 pro
264 2822 406 2886 omnibus
426 2841 518 2906 supra
537 2823 623 2886 dictis
645 2826 803 2906 expensis,
826 2827 850 2886 si
868 2825 1010 2888 deficiant
1024 2828 1164 2894 redditus

184 2911 322 2974 ecelesiae
333 2959 341 2988 ,
353 2915 516 2974 recurritur
531 2912 575 2974 101
591 2913 629 2974 ed
645 2914 897 2976 communitatem
911 2915 1101 3000 (renitimur),
1118 2921 1161 2981 101

183 3001 278 3060 etiarn
292 2999 330 3061 ad
344 3000 530 3063 Gubernium
546 2999 615 3077 (art.
632 3005 681 3077 rc,
696 3006 805 3079 3192,
822 3004 937 3067 Decreti
951 3007 992 3071 30
1003 3005 1160 3072 decembr.

594 3254 681 3316 Aut.
703 3256 754 3318 lV.

185 3397 256 3450 01111)
276 3399 322 3444 stt·
341 3395 514 3445 Bndcntcrto
534 3399 572 3444 Et·
593 3399 790 3447 CONSECRATIO
810 3402 1021 3465 ECCLESIARL'M,
1040 3406 1078 3450 Et·
1092 3407 1161 3460 QUID

407 3485 444 3530 1111
465 3487 504 3531 rts
523 3489 542 3532 Δ
563 3489 635 3533 tuuc
656 3489 701 3534 stt·
721 3490 938 3537 PRAESCRIPTUH.

227 3625 296 3684 ret.
314 3655 352 3669 -
368 3626 400 3683 1ο
414 3621 587 3684 Benedictio
606 3622 739 3686 ecciesiae
760 3631 804 3686 est
823 3636 987 3708 actusque
1007 3630 1159 3711 legitimus

188 3709 326 3772 minister
348 3709 444 3772 aedem
468 3711 599 3790 utiquam
623 3710 725 3774 divino
747 3712 841 3774 cultui
865 3712 1001 3792 dedicat,
1025 3728 1054 3780 01
1077 3721 1160 3786 iiiam

189 3799 363 3861 sanctificat.
379 3799 512 3874 Duplicis
527 3799 644 3869 generis
658 3808 702 3861 est
719 3820 726 3859 ε
741 3801 868 3882 simplex
881 3822 934 3865 seu
947 3807 1157 3884 sacerdotalis,
