2590 4208
207 306 260 366 100
477 312 630 358 erueretur
653 311 734 358 rents
754 312 903 360 cruenter.

209 428 349 489 runnlom
366 421 579 482 recensionem
596 420 672 492 lieri,
690 417 846 500 Nobisque
863 421 997 502 proponi
1010 424 1177 502 jussrnrus,

209 525 250 586 nt,
270 509 409 589 diligenti
427 507 568 570 adbibita
584 509 845 582 consideratione,
860 516 1069 572 statueremus
1085 527 1191 591 ques,

210 619 281 664 nam
303 617 340 661 cr
365 595 427 658 illis
447 615 570 658 servare
594 615 631 658 ec
657 597 789 658 retinere
808 608 985 678 oporteret,
1002 617 1082 679 ques
1108 617 1180 664 verr

209 686 361 752 moderari
378 693 432 748 eut
447 685 596 766 abrogare
611 695 805 764 congrueret.
826 686 869 748 Ea
887 687 984 766 igitur
999 690 1184 750 recensione

209 785 354 861 peracta,
379 792 415 836 ao
437 773 674 836 venerabilibus
690 773 852 836 Fratribus
874 773 993 837 Nostris
1018 775 1051 839 S.
1078 777 1117 840 R.
1147 777 1182 839 Ε.

208 863 437 941 cardinalibus,
455 863 486 924 in
502 859 635 944 negotiis
657 861 743 924 ridet
759 861 965 928 Generalibus
979 867 1184 946 lnquisitori-

208 958 266 1020 bus
281 973 335 1036 per
349 957 527 1016 universam
544 951 754 1015 Christianam
770 952 1009 1034 llempublicam
1025 953 1185 1034 deputatis

210 1047 241 1108 in
257 1043 425 1109 eonsilium
441 1040 588 1118 adscitis,
610 1059 705 1122 reque
728 1039 783 1102 diu
807 1058 843 1103 ec
870 1051 992 1104 mature
1012 1061 1183 1122 perpensa,

211 1144 297 1197 motu
311 1132 449 1213 proprio,
465 1138 548 1193 certa
564 1131 704 1202 seientia,
723 1138 847 1191 matura
862 1129 1093 1192 deliberatione
1108 1131 1184 1194 Nos·

209 1233 267 1294 tra,
284 1223 385 1301 deque
400 1219 585 1300 Apostolicae
599 1218 715 1282 Nostrae
726 1218 885 1298 potestatis
899 1218 1112 1299 plenitudine,
1126 1221 1186 1284 bac

210 1318 361 1392 perpetuo
377 1309 509 1369 valitura
525 1308 753 1370 Constitutione
768 1306 977 1384 decernimus,
1002 1316 1037 1369 ut
1052 1326 1093 1370 ex
1109 1309 1184 1388 qui·

210 1399 405 1478 buscumque
419 1397 558 1458 censuris
580 1397 644 1458 sive
661 1396 1009 1470 excommunicationis„
1026 1397 1093 1458 sire
1115 1416 1184 1460 sus-

210 1486 379 1568 pensionis,
397 1486 462 1547 sive
481 1484 649 1559 interdicti,
665 1503 735 1566 quae
752 1503 806 1564 per
820 1485 950 1547 modum
968 1483 1039 1547 latre
1053 1494 1185 1547 senten-

210 1577 271 1651 tiae,
288 1576 419 1656 ipsoque
438 1572 519 1637 facto
534 1573 731 1636 incurrendae
746 1574 898 1636 hactenus
913 1573 1070 1656 impositae
1095 1583 1183 1652 sunt,

209 1665 335 1728 nonnisi
363 1664 421 1726 illae
436 1681 515 1743 ques
529 1662 561 1724 in
578 1663 639 1725 hae
658 1663 724 1744 ipse
744 1661 973 1727 Constitutione
998 1663 1182 1738 inserimus,
1286 1709 1287 1714 η

208 1772 310 1835 eoque
325 1753 418 1816 modo
433 1768 498 1832 quo
513 1751 698 1826 inserimus,
721 1752 818 1814 robur
831 1752 945 1815 caindo
959 1752 1119 1828 babeant3
1137 1753 1182 1814 si·

209 1844 274 1906 mul
295 1841 491 1904 declarantes
510 1841 654 1918 easdem,
682 1858 745 1904 non
762 1841 856 1905 modo
871 1859 908 1903 er
923 1851 1067 1904 veterum
1083 1859 1183 1904 eane

209 1951 286 1994 num
304 1931 507 2005 auctoritate,
527 1938 683 2012 quatenus
698 1947 770 2002 cum
797 1931 857 1992 hac
882 1929 992 1994 Nostra
1019 1929 1183 1994 Constitu·

207 2021 290 2082 tione
303 2019 510 2095 conveniunt,
519 2037 628 2082 verum
641 2019 734 2082 etiam
750 2037 787 2081 er
799 2020 860 2082 hae
871 2020 938 2101 ipsa
949 2019 1183 2083 Constitutione

200 2109 327 2194 Nostra,
338 2127 402 2172 non
419 2127 507 2172 secus
521 2126 558 2172 ac
572 2109 597 2171 si
613 2108 750 2190 primum
763 2108 853 2173 editae
868 2108 909 2172 ab
922 2127 958 2172 ea
973 2107 1104 2184 luerint,
1118 2109 1183 2173 rim

207 2214 294 2260 suam
311 2214 438 2277 prorsus
453 2196 594 2278 accipere
609 2196 735 2260 debere.

205 2370 536 2434 It'ccommum'cata'oner
557 2371 624 2434 lotoe
642 2372 794 2436 sententie
806 2373 928 2456 speciali
947 2373 1032 2436 modo
1046 2375 1182 2440 Reruerro

523 2476 669 2559 Pontifici
689 2488 853 2541 reservare.

245 2624 353 2703 ltaque
362 2622 764 2688 excommunicationilatae
773 2625 1070 2708 sententiaespceiali
1081 2627 1181 2694 modo

204 2711 345 2776 llomano
360 2711 502 2775 Pontifici
519 2719 681 2774 reservatae
696 2713 855 2794 subjacere
870 2714 1069 2778 declaramus
1086 2733 1095 2782 ι

244 2806 271 2863 l.
295 2800 409 2864 Omnes
428 2801 630 2863 achristiana
654 2801 714 2863 fide
739 2810 918 2884 apostatas,
947 2813 978 2866 et
1002 2821 1116 2870 omncs
1142 2825 1180 2871 ae

203 2890 343 2970 singulos
357 2889 537 2964 haereticos,
554 2907 755 2972 quocumque
771 2891 899 2956 nomine
920 2901 1123 2973 censeantur,
1146 2906 1179 2960 et

202 2981 430 3060 cujuscumque
439 2988 529 3041 sectae
543 2979 807 3062 assistentesque
821 2982 982 3046 credentes
998 3002 1177 3068 eorumque

202 3076 392 3220 fiecfeptores,
421 3065 557 3131 lautores
585 3086 621 3130 ac
645 3069 833 3149 generaliter
858 3071 1016 3154 quoslibet
1045 3073 1178 3140 illorum

224 3176 240 3218 e
254 3171 390 3218 ensores.

241 3251 269 3305 2.
294 3240 408 3307 Omnes
431 3253 461 3307 et
475 3243 616 3327 singulos
631 3246 764 3308 scienter
779 3247 928 3329 legentes,
945 3252 1013 3314 sine
1033 3257 1177 3318 auctori⁸⁴

201 3341 261 3398 tete
277 3331 366 3396 Sedis
378 3333 574 3416 Apostolicae,
591 3335 689 3398 libros
712 3334 895 3400 eorumdem
911 3351 1127 3422 apostatarum
1146 3354 1177 3407 et

201 3423 421 3484 baeretreorum
437 3423 579 3485 haeresim
596 3435 842 3506 propugnantes,
868 3448 989 3493 necnon
1006 3431 1105 3495 libros
1120 3452 1174 3497 cu·

199 3513 296 3594 Jusris
321 3514 456 3573 auctoris
471 3529 526 3593 per
553 3511 745 3594 Apostolicas
759 3517 876 3580 litteras
892 3519 1084 3585 nominatim
1099 3541 1175 3608 pro-

200 3599 333 3678 hibitos,
356 3599 544 3681 eosdemque
566 3601 662 3666 libros
685 3605 877 3684 retinentes,
901 3607 1119 3690 imprimentes
1144 3624 1176 3675 et

201 3687 440 3770 quomodolibet
455 3687 667 3756 defendentes.

239 3776 510 3841 &schismaticos
536 3787 566 3839 et
580 3796 633 3844 eos
657 3782 711 3862 qui
735 3802 752 3844 a
775 3783 906 3848 Romani
927 3785 1090 3852 Pontificis
1115 3807 1176 3871 pro
