2574 4198
200 338 258 394 612
471 349 622 394 maura
642 347 725 393 scats
745 347 895 394 canonica.

200 449 286 511 bonis
311 448 520 510 ecclesiasticis
546 449 758 512 distraheretur
781 449 818 510 ad
849 445 981 509 tiatorem
1009 450 1177 526 t‚100,000

200 537 363 610 librarum;
379 537 511 598 ilenrico
525 538 563 598 lll
578 538 678 599 Sixtus
692 539 718 598 V
734 537 869 618 permisit
883 535 1090 598 venditionem
1105 537 1176 599 tun-

200 627 307 688 dorum
322 625 592 687 ecclesiasticorum
604 627 641 688 ad
651 633 775 687 centum
788 623 871 687 mille
885 624 1064 706 philippaeos
1076 626 1178 687 reddi-

201 715 248 777 tus
270 714 385 790 annui,
412 714 480 775 licet
503 715 602 777 clerus
627 715 706 794 jam,
728 733 765 776 eo
790 732 893 787 anno,
913 713 1090 777 contulisset
1112 715 1177 777 auri

201 802 300 865 decies
319 808 446 864 centena
472 803 564 864 millia
583 809 613 864 et
632 804 773 883 amplius.
799 802 902 864 Refert
924 807 1029 864 auctor
1055 801 1179 865 Theatra

202 891 359 972 Europaei,
374 891 411 952 ad
432 909 548 952 annum
570 894 659 966 1683,
676 897 693 952 7
709 911 793 973 aug,
815 894 919 952 Innoc.
935 892 985 962 Xl,
1001 892 1178 970 Imperatori

203 979 377 1042 submisisse
384 986 431 1042 ter
441 988 565 1041 centurn
584 979 665 1041 mille
679 988 858 1053 coronatos,
874 977 975 1040 addita
991 978 1180 1059 amplissima

205 1069 342 1130 facultate
366 1083 406 1130 cn
424 1066 496 1150 ipsis
520 1067 665 1148 templis,
690 1085 759 1131 vasa
781 1085 867 1130 sacra
889 1077 919 1129 at
935 1065 1054 1129 cimelia
1075 1067 1182 1150 (adjus

203 1155 355 1238 pre'cr'euc)
369 1155 406 1217 ad
421 1174 510 1217 usum
526 1157 595 1218 belli
611 1157 729 1219 Turcici
744 1157 775 1218 in
791 1162 928 1218 monetas
940 1154 1106 1218 conflandi.

244 1244 470 1306 Observandum
485 1244 620 1326 estquod
634 1245 672 1306 ad
681 1245 736 1307 has
750 1245 946 1307 alienationes
956 1243 1180 1324 legitimandas,

204 1337 287 1414 iuxta
305 1333 418 1396 Concil.
441 1335 538 1396 Later.
562 1335 612 1411 lV,
631 1353 799 1397 consensus
820 1332 973 1395 Pontificis
994 1333 1183 1397 necessarius

206 1429 275 1499 est;
298 1423 363 1505 ipsa
381 1423 464 1484 enim
485 1423 560 1484 ratio
580 1423 725 1484 naturalis
747 1423 851 1485 suadet
874 1420 989 1484 nemini
1010 1420 1055 1482 tas
1068 1439 1138 1484 esse
1151 1423 1182 1483 in

207 1531 271 1574 rem
285 1511 435 1588 alienam,
450 1512 541 1573 etiam
556 1511 611 1573 sibi
626 1511 778 1588 debitam,
795 1517 900 1574 contra
913 1509 1028 1572 domini
1043 1511 1183 1574 volunta·

208 1609 287 1676 tem,
301 1601 364 1675 vel,
384 1618 421 1662 eo
437 1601 627 1677 inconsulto,
642 1600 793 1663 invadere.

247 1692 291 1753 Ne
309 1689 469 1769 obiiciatur
482 1697 585 1752 contra
605 1697 738 1751 nostram
755 1688 875 1752 tertiam
889 1688 1087 1750 assertionem
1102 1690 1184 1772 qudd

209 1779 382 1862 perlegam
410 1780 663 1854 canonizationis,
690 1781 789 1840 Status
812 1796 874 1839 non
901 1776 996 1857 privet
1016 1778 1185 1841 Ecclesiam

209 1870 297 1932 bonis
318 1869 381 1947 jana
400 1869 573 1950 acquisitis,
597 1867 650 1930 sed
672 1867 770 1930 solum
795 1865 986 1948 acquirendis
1002 1885 1010 1926 τ
1025 1865 1092 1948 jam
1114 1871 1187 1931 vert

211 1959 301 2033 bona,
314 1964 476 2038 antequam
487 1957 524 2018 ab
534 1957 667 2018 Ecclesia
677 1957 882 2038 acquirantur,
895 1959 966 2017 sunt
979 1955 1088 2030 civilia,
1098 1956 1187 2020 adeo

210 2067 269 2130 que
284 2047 315 2106 in
330 2044 466 2106 dominio
480 2047 635 2126 potestatis
650 2045 802 2108 saecularis
816 2045 922 2126 posita.
939 2046 1030 2124 Ergo,
1044 2051 1104 2108 etc.

249 2137 326 2197 Nam
348 2133 571 2214 respondetur:
591 2132 752 2213 AEqualem
770 2151 835 2194 esse
857 2131 1032 2211 iniustitiam
1055 2134 1187 2214 spoliare

211 2225 342 2305 aliquem
353 2221 466 2283 abonis
476 2221 642 2302 acquisitis,
659 2229 708 2283 aut
724 2223 740 2282 a
755 2222 890 2283 libertate
901 2220 980 2281 bona
994 2224 1185 2303 acquirendi,

211 2311 334 2394 quando
347 2310 374 2372 ei
389 2312 543 2390 competit.
559 2310 597 2370 Et
610 2311 691 2372 certe
706 2311 804 2372 Status
823 2309 965 2387 iniuriam
980 2311 1042 2372 suis
1054 2315 1188 2394 propriis

212 2398 356 2463 membris
367 2398 508 2472 inferret,
525 2416 585 2459 non
599 2400 717 2461 tantbm
729 2417 781 2460 eos
792 2397 950 2479 spoliando
966 2398 1003 2460 ab
1017 2402 1186 2481 acquisitis,

211 2490 263 2553 sed
291 2487 330 2550 ab
349 2486 541 2569 acquirendis
561 2487 693 2549 indebite
715 2485 921 2568 probibendo;
947 2489 1063 2569 quantd
1087 2493 1188 2573 magis

211 2581 303 2642 infert
323 2577 482 2654 Ecclesiae,
498 2594 567 2656 quae
587 2575 722 2638 absolute
745 2583 790 2638 est
803 2577 840 2638 ab
856 2595 893 2638 eo
916 2577 1143 2658 independens,
1160 2587 1190 2642 at

213 2673 230 2732 a
253 2668 382 2729 Domino
395 2665 486 2726 habet
505 2664 583 2726 hanc
607 2672 784 2745 potestatem
800 2665 1055 2746 independentem
1078 2669 1190 2750 acqui·

213 2757 297 2821 rendi
309 2757 325 2818 ‘t
338 2755 414 2816 Vide
428 2755 485 2816 alia
498 2755 528 2814 in
544 2753 691 2828 Martiali,
706 2757 796 2830 5263,
807 2762 863 2816 etc.

252 2851 368 2910 tol·
378 2846 426 2906 lV.
444 2845 524 2925 Ergo
538 2862 594 2904 uec
609 2844 698 2904 etiam
717 2841 805 2904 habet
821 2843 999 2926 Respublica
1014 2843 1189 2910 dominium

213 2939 305 3000 altum
320 2953 375 2998 seu
389 2933 527 2995 eminens
541 2934 572 2992 in
589 2931 669 2993 bona
682 2932 823 2994 Ecclesiae
838 2951 846 2993 a
862 2933 914 3014 qui
925 2933 1008 2995 enim
1023 2933 1082 2995 tala
1092 2934 1191 2999 domi·
1272 2967 1273 2974 ,

213 3027 299 3090 nium
314 3023 436 3086 haberet
450 3021 480 3082 in
494 3021 572 3082 bona
587 3021 729 3082 Ecclesia
743 3068 752 3095 ,
767 3020 805 3083 de
818 3021 877 3084 illis
890 3029 989 3102 posset
1001 3022 1188 3103 disponere,

213 3117 320 3178 saltem
334 3119 456 3195 propter
467 3110 582 3184 bonum
594 3109 766 3191 publicum,
782 3109 851 3172 dattt
860 3112 939 3189 justa
953 3130 988 3173 ac
1002 3116 1190 3194 competenti

216 3203 433 3276 indemnitate;
449 3198 540 3279 porrb
554 3204 684 3280 potestas
706 3199 856 3260 saecularis
872 3197 991 3279 hocius
1012 3219 1074 3261 non
1100 3201 1191 3267 babet

217 3294 247 3355 in
262 3293 343 3354 bona
360 3288 519 3360 Ecclesiae;
541 3286 593 3348 sed
609 3286 634 3348 si
650 3285 738 3348 bonis
758 3287 931 3366 hujusmodi
953 3288 1088 3370 indigeat
1100 3290 1191 3355 debet
1271 3277 1272 3284 ἵ

217 3382 350 3444 obtinere
360 3395 542 3440 consensum
552 3375 711 3441 Ecclesiae.
726 3383 759 3437 ut
768 3376 899 3441 vidimus
913 3395 1013 3459 supra.
1026 3379 1120 3459 Ergo,
1130 3387 1188 3444 etc.

255 3473 324 3531 765.
349 3465 471 3539 Quaerit.
484 3467 520 3526 -lt
532 3464 609 3536 Ouid
624 3465 661 3525 sit
677 3464 841 3526 dicendum
860 3465 898 3528 dc
919 3466 955 3528 iis
967 3465 1020 3547 qui
1038 3469 1124 3546 apud
1136 3488 1191 3533 nos

179 3621 182 3626 ,
217 3559 296 3622 bona
310 3553 452 3617 Ecclesiae
465 3557 608 3632 usurpata
618 3551 708 3614 hodie
719 3552 896 3633 possident?

258 3650 346 3722 Resp.
371 3643 425 3704 Vcl
453 3641 552 3722 agitur
582 3640 620 3702 de
649 3641 736 3703 bonis
764 3641 972 3705 ecclesiasticis
1007 3644 1147 3710 alienatis
1175 3649 1190 3709 t

218 3733 370 3800 Gubernio
383 3734 401 3794 a
415 3749 476 3812 quo
490 3729 612 3792 luerunt
626 3737 779 3812 usurpata,
794 3732 840 3793 vel
854 3731 893 3794 de
907 3732 994 3794 bonis
1007 3736 1189 3799 ecclesiasti·

219 3829 262 3889 cis
270 3827 329 3887 abo
338 3821 430 3886 modo
444 3819 594 3901 usurpatis
608 3825 638 3882 ot
651 3821 814 3901 acquisitis.
