2574 4198
371 300 375 304 ·
474 302 560 345 traca
581 301 737 347 sncunnus.
1033 287 1095 348 613

157 399 189 460 Si
203 399 289 480 prids
306 417 313 458 :
335 400 381 460 vei
396 399 447 460 iiia
460 399 542 487 bona
560 399 686 460 alienata
704 399 822 461 inerant
840 405 911 464 ante
927 401 1099 463 Concorde-

121 495 186 550 tum
199 492 290 564 1801,
302 489 349 549 rei
361 489 460 550 sotum
470 494 537 569 post
550 487 787 550 Concordatum:
802 489 826 550 si
840 489 967 551 alienata
978 489 1100 552 fuerunt

121 579 136 639 1
150 577 307 638 Gubernio
317 582 388 638 ante
402 576 516 638 dietum
531 575 762 649 concordatum,
774 585 888 638 certum
900 584 943 639 est
954 577 1002 638 iiia
1012 595 1104 658 posse

122 666 246 726 retineri
264 666 302 726 ab
319 665 570 745 acquisitoribus,
587 664 704 725 etiarnsi
723 664 913 746 peccaverint
934 666 976 728 sic
996 665 1103 748 acqui-J

120 760 246 814 rentes:
265 771 336 813 nam
357 755 388 814 S.
405 752 560 828 Pontifex,
584 753 615 812 in
636 752 743 814 eodem
765 754 973 830 Concordato,
995 755 1103 816 tatium

123 841 275 903 bonorum
291 841 544 902 condonationem
559 840 630 902 fecit
641 839 671 901 in
688 841 814 921 gratiam
831 842 1059 921 possidentium.

120 949 123 978 ¹
162 931 192 990 Si
210 930 291 990 bona
311 929 513 991 ecclesiastica
535 929 657 991 fuerunt
675 929 819 1010 acquisita
841 937 908 1010 post
927 930 1102 992 Concorde-

120 1027 187 1080 tum
207 1021 283 1080 1801
300 1018 428 1093 ,rursus
440 1018 689 1098 distinguendum
705 1024 750 1078 est
766 1037 773 1078 :
790 1019 836 1079 vet
851 1019 899 1080 ilia
911 1019 990 1079 bona
1005 1020 1022 1078 1
1037 1021 1101 1080 Gu-

105 1089 232 1168 'bernio
249 1107 370 1169 suerent
384 1114 526 1186 usurpata
540 1113 609 1168 ante
630 1105 869 1181 Concordntum,
892 1107 937 1168 vel
959 1107 1103 1168 duntaxat

123 1202 192 1273 post
206 1194 432 1256 Concordatum
449 1213 455 1253 :
473 1193 503 1254 in
520 1194 610 1274 priori
625 1213 716 1266 casu,
742 1213 803 1255 non
818 1195 945 1256 omnind
965 1201 1045 1275 patet
1063 1213 1100 1256 an

122 1283 304 1360 hujusmodi
319 1283 477 1363 acquisitio
489 1282 586 1343 valide
599 1285 636 1344 sit
655 1303 662 1345 t
677 1283 764 1344 multi
778 1284 1103 1354 existimaverunteon·

122 1369 324 1432 donationem
346 1369 454 1432 iactam
474 1373 535 1432 18.
553 1371 630 1433 Sede
642 1372 785 1452 applicari
800 1391 888 1452 posse
902 1373 1001 1434 sotum
1015 1371 1103 1434 bonis

123 1459 281 1540 acquisitis
292 1465 363 1519 ante
376 1459 617 1537 concordatum
633 1460 695 1521 irnd
711 1461 742 1521 in
763 1461 836 1540 ipsis
858 1461 993 1522 Comitiis
1017 1459 1103 1542 (dom

126 1547 167 1609 les
179 1545 356 1628 obumbres),
373 1547 538 1628 praesertim
552 1567 633 1610 anno
649 1552 746 1624 1811,
763 1549 782 1609 ii
802 1549 854 1629 qui
874 1549 1054 1629 expetebant
1070 1557 1101 1610 ut

124 1635 205 1697 bona
218 1655 281 1696 non
293 1635 414 1697 vendita
428 1636 626 1698 redderentur
637 1637 782 1712 ecelesiis,
792 1645 964 1698 constanter
977 1636 1098 1698 affirma·

124 1723 197 1785 bant
211 1742 248 1785 ea
263 1724 345 1786 bona
360 1743 421 1785 non
436 1725 651 1807 comprehendi
665 1727 695 1786 in
710 1725 932 1786 condonatione
947 1727 963 1785 1
979 1727 1009 1786 S.
1027 1727 1103 1788 Sede

125 1813 213 1875 tactd.
230 1815 299 1874 Non
313 1820 415 1874 tamen
430 1811 637 1894 improbabilis
651 1814 768 1874 videtur
784 1813 931 1873 sententia
954 1815 1105 1894 opposita,

126 1911 155 1962 et
179 1900 652 1983 11111111111111111111111.
680 1906 717 1963 t2
740 1901 810 1961 dieti
835 1902 1029 1977 Concordati,
1052 1903 1102 1964 ubi

126 1991 239 2052 dieitur
256 2012 264 2052 ε
284 1991 418 2052 «Omnia
432 1992 543 2072 tempta
558 1992 798 2072 Metropotitana‚
813 1989 1008 2067 cathedralia,
1019 2011 1106 2072 paro·

129 2101 145 2138 1
165 2079 276 2142 chialia
288 2128 296 2154 ,
310 2086 400 2159 atque
420 2080 476 2141 alia
495 2099 564 2162 quae
578 2100 638 2142 non
653 2081 781 2142 alienata
795 2086 886 2156 sunt,
901 2081 1103 2144 1111111111-

130 2169 273 2242 111111,
300 2169 517 2250 Episcopornm
541 2169 731 2250 dispositioni
759 2168 914 2230 tradentur
928 2191 957 2231 1.
980 2170 1011 2232 Si
1032 2189 1106 2251 ergo

126 2259 157 2318 S.
171 2255 267 2318 Sedes
282 2257 380 2336 exegit
395 2257 494 2317 sotum
504 2259 723 2318 restitutionem
737 2257 920 2337 templorum
932 2255 961 2320 et
975 2259 1103 2321 aliorum

128 2345 284 2406 bonorum
301 2345 571 2406 ecclesiasticorum
585 2364 645 2406 non
661 2346 877 2421 alienatorum,
894 2347 950 2408 nisi
964 2357 1107 2428 quotenus

125 2441 212 2494 erunt
224 2432 323 2493 cultui
336 2434 516 2509 necessaria,
532 2441 695 2514 potnerunt
710 2434 837 2514 proinde
849 2439 917 2514 post
931 2436 1104 2496 Concorde-

126 2531 194 2584 tum
213 2521 383 2600 legitimae
409 2523 562 2584 Gubernio
583 2523 728 2597 alienari,
757 2528 786 2582 et
809 2522 846 2582 ab
871 2523 1107 2603 acquisitoribus

126 2611 264 2699 legitime
274 2609 408 2672 retineri.
422 2611 481 2672 Sed
496 2611 644 2692 quidquid
659 2611 697 2672 sit
712 2611 750 2672 de
768 2611 795 2670 vi
810 2609 901 2688 hujus
913 2620 1104 2692 argumenta·

127 2700 242 2774 tionis,
259 2702 291 2760 S.
305 2697 460 2774 Pontifex,
481 2699 593 2761 dehac
617 2719 649 2761 re
669 2701 889 2780 interrogatuS,
913 2704 1049 2780 permisit
1073 2713 1105 2764 ut

127 2787 347 2869 acquisitiones
360 2787 543 2850 hatrerentur
560 2795 593 2850 ut
606 2788 731 2864 ratidae;
752 2789 794 2849 sio
817 2789 965 2867 imprimis
989 2793 1104 2869 Grego-

128 2876 193 2940 rius
207 2879 272 2938 XVi
287 2877 453 2958 respondit,
471 2881 508 2938 16
523 2883 599 2958 sept.
616 2881 704 2952 1833,
721 2878 876 2954 Episcopis
887 2878 992 2956 Belgii,
1009 2884 1108 2957 postu·

129 2965 263 3026 lantibus
285 2970 320 3026 ut
341 2971 396 3027 art.
424 2969 461 3027 13
485 2965 663 3027 Concordati
690 2963 901 3025 extenderetur
927 2967 963 3025 ad
988 2967 1067 3026 bona
1089 2970 1104 3027 11

129 3053 288 3115 Gubernio
303 3062 532 3135 usurpata,quae
545 3063 611 3138 post
622 3055 735 3115 dietum
750 3053 970 3116 concordatum
986 3054 1107 3118 fuerunt

128 3141 282 3204 divendita
297 3189 305 3215 ,
321 3143 366 3203 ret
382 3143 479 3204 adhuc
493 3145 646 3223 potestatis
659 3143 812 3204 saecularis
827 3143 949 3204 nomine
960 3145 1106 3207 adminis-

128 3237 271 3293 trantur:
293 3231 414 3293 «Vobis
426 3231 543 3293 edicere
559 3232 677 3308 iicebit,
693 3233 793 3313 inquit
807 3233 955 3310 Pontifex,
978 3235 1110 3298 Nomine

134 3343 149 3378 1
170 3323 304 3397 Nostro,
321 3327 524 3382 memoratum
538 3322 697 3383 articulum
718 3321 866 3403 utnpliuri
885 3331 912 3383 et
933 3325 1053 3386 extendi
1069 3325 1106 3388 ad

134 3431 149 3468 ι
169 3409 227 3470 alia
244 3409 386 3488 quaelibet
397 3427 433 3470 ex
448 3411 600 3492 occupatis
613 3419 645 3472 ut
659 3430 748 3492 supra
765 3412 872 3487 bonis,
887 3431 955 3492 qnae
970 3415 1030 3475 sive
1042 3422 1107 3494 post

134 3519 150 3557 a
171 3499 411 3559 Conventionem
427 3499 508 3559 ittam
520 3500 675 3561 alienatae
690 3499 843 3561 Gubernio
857 3500 927 3575 sint,
934 3503 995 3564 sire
1009 3504 1107 3566 adhue

134 3608 150 3646 1
170 3585 252 3668 apud
268 3586 455 3648 Gubernium
471 3589 570 3669 ipsum
586 3591 761 3650 remaneant
774 3611 803 3650 1.
821 3591 971 3672 Supponit
984 3593 1109 3673 quidem

130 3677 225 3737 Breve
240 3675 389 3756 arnplicri
404 3674 626 3751 Correordutum,
643 3677 695 3738 sed
710 3678 785 3740 11111
802 3679 857 3740 hoc
869 3681 941 3741 dicit
954 3680 993 3740 ud
1007 3690 1106 3742 cuate-

132 3764 214 3839 lam,
230 3771 264 3826 ut
278 3771 507 3843 nnrputarentur
522 3785 628 3828 omnes
642 3769 855 3829 cavillationes.
