2552 4204
193 290 263 377 'aar
476 303 626 358 stetinum
647 301 729 352 muts
749 298 897 351 oaroxrct.

204 401 321 458 mnstat
336 392 478 474 exemplo
490 393 621 455 Eleazari
638 392 670 474 (2
684 391 799 462 blech..
809 409 838 455 c.
847 394 890 467 6).
898 390 987 455 Unde
997 389 1184 473 reprehensi·

205 482 278 548 biles
286 490 370 546 erant
380 483 421 544 rllr
436 482 592 545 christiani
596 481 679 562 ,qui,
686 487 814 560 urgente
822 479 1035 560 persecutione
1048 487 1186 562 tempore

205 575 234 636 S
251 571 404 656 Cypriani,
411 571 589 634 obtinebant
604 571 622 633 d
636 567 862 650 magistratibus
875 570 1047 632 securitatis
1056 570 1186 643 libello

205 663 236 723 in
253 662 364 743 quibus
382 659 457 723 ialsd
472 659 662 722 asserebatur
676 676 728 720 eos
741 655 799 718 diis
813 657 997 721 sacriticasse
1011 659 1201 722 Christum-

205 770 265 833 que
286 767 423 831 negasse,
439 747 528 812 utsic
549 746 700 828 supplicia
715 745 930 809 evaderentt
905 751 1044 830 Itemque
1059 749 1208 830 graviter

206 847 344 922 peccaret
357 838 411 920 qui
425 837 576 900 transiens
593 853 648 917 per
662 834 832 897 infidelium
848 837 994 938 regiones
1002 836 1147 899 indueret
1156 854 1188 898 se
1202 841 1212 930 l

205 937 268 991 rest
256 929 336 992 tibus
349 927 461 1011 quibus
475 926 531 988 soli
546 924 684 986 infideles
698 931 848 986 utuntur·
840 970 848 986 .
865 933 958 1006 prout
971 944 995 990 u
988 926 1095 1007 apud
1108 925 1189 989 'lur-

206 1023 356 1099 cnsceput
366 1015 484 1078 tobalet
496 1014 564 1076 albo
573 1013 792 1089 circumdaret,
806 1031 844 1076 ne
857 1013 895 1076 ab
910 1015 983 1095 ipsis
996 1015 1189 1078 occideretur

206 1109 250 1170 vel
265 1103 595 1186 comprehenderetur,
614 1102 687 1182 quia
702 1103 746 1164 sic
766 1109 799 1164 ut
820 1103 956 1165 desertor
969 1102 1040 1165 tidei
1054 1122 1188 1168 censen-

206 1196 263 1259 dus
276 1195 370 1270 ioret3
383 1213 470 1256 secus
481 1193 505 1254 si
516 1199 613 1254 vestes
622 1192 762 1253 indueret
773 1210 842 1272 quae
852 1194 970 1254 tontbm
981 1193 1189 1274 significarent

207 1284 432 1347 distinctionem
447 1281 545 1361 gentis
559 1282 576 1342 a
601 1287 709 1361 gente,
726 1298 787 1341 non
804 1281 959 1362 religionis
973 1283 990 1342 b
1004 1283 1167 1364 religione.

247 1373 331 1434 Circa
352 1371 418 1432 haec
438 1376 540 1432 autem
556 1367 727 1431 notandum
748 1375 794 1430 est
814 1371 976 1434 Decretum
997 1371 1029 1434 S.
1046 1373 1187 1453 inquisit.

210 1465 246 1525 l8
255 1461 313 1543 jul.
329 1463 407 1524 1630
421 1480 427 1520 :
444 1459 605 1540 quaesitum
623 1457 721 1521 iuerat
737 1458 753 1518 i
769 1459 800 1519 S.
817 1459 927 1539 Congr.
948 1478 955 1520 :
976 1462 1054 1520 uAn
1069 1467 1189 1541 aposta·

211 1537 233 1612 ιΙ
247 1551 316 1612 taei
338 1547 436 1612 fide...
455 1548 493 1610 ad
509 1547 718 1628 poenitentiam
743 1546 905 1608 redeuntes
918 1548 1049 1628 cogendi
1065 1549 1128 1610 sint
1152 1549 1189 1611 nd

214 1661 227 1698 a
248 1636 475 1701 retractandum
486 1635 626 1718 explicite
639 1642 667 1696 et
679 1634 799 1715 publice
811 1655 914 1698 coram
929 1636 1106 1700 infidelibus
1117 1657 1190 1702 cum

217 1753 229 1787 ιι
251 1728 385 1809 periculo
407 1727 492 1803 ritae,
509 1727 586 1787 sicut
610 1727 759 1804 negarunt
783 1724 895 1787 fidem:
912 1744 950 1786 on
963 1727 1036 1788 verd
1060 1726 1191 1790 sufficiat

215 1842 227 1874 ι
248 1835 351 1879 coram
366 1815 506 1878 fidelibus
521 1814 642 1896 publice
656 1814 1027 1894 abjurareapostusiam...
1045 1821 1076 1876 et
1091 1817 1190 1898 impli-

213 1931 226 1963 ι
249 1905 308 1968 cite
322 1905 403 1988 apud
418 1903 578 1978 infideles,
592 1902 772 1964 abstinendo
786 1902 824 1964 ab
845 1903 962 1964 actibus
980 1903 1186 1984 infidelitatis,

215 2019 228 2052 ιι
251 1999 280 2056 ct
293 1992 476 2073 deponendo
489 1991 651 2053 habiturn?
664 1988 877 2052 sanctissimus
892 1993 981 2053 Dom.
997 1997 1102 2056 noster
1113 2012 1190 2057 cen·
1257 2069 1258 2074 γ

215 2109 227 2141 ι
250 2078 784 2161 suitapostatasafideredeuntesad
797 2081 1006 2160 poenitenliam
1018 2085 1189 2146 nonteneri

214 2197 226 2228 ι
249 2171 285 2232 ad
301 2169 501 2251 abjurandam
516 2167 696 2248 apostasiam
721 2167 843 2248 publice
863 2186 969 2230 eoram
993 2169 1187 2250 infidelibus;

214 2286 228 2318 ιι
248 2259 300 2321 sed
319 2257 457 2320 sufficere
472 2263 505 2320 ut
519 2274 586 2318 eam
606 2255 782 2334 abjurent...
798 2275 902 2320 coram
917 2256 1079 2338 fidelibus,
1095 2260 1188 2323 absti-
1256 2297 1257 2308 ι

124 2410 126 2414 ,
213 2374 227 2408 ιι
249 2346 350 2410 nendo
366 2365 399 2409 se
412 2345 451 2409 ab
463 2343 579 2408 actibus
593 2343 789 2423 infidelitatis,
804 2364 840 2408 ao
853 2346 1036 2427 deponendo
1046 2347 1185 2412 habitum

212 2462 225 2495 ιι
249 2435 434 2514 infidelium,
452 2438 604 2517 quatenus
622 2432 661 2496 sit
682 2434 892 2514 protestativus
907 2434 989 2498 falsae
1009 2437 1186 2515 religionis:

212 2550 226 2586 u
247 2526 272 2589 si
289 2526 360 2589 verd
375 2525 412 2588 sit
430 2523 622 2607 equivocus,
646 2540 734 2602 posse
754 2523 838 2584 illum
853 2521 981 2586 deterre.
1007 2525 1096 2597 Oudd
1111 2527 1137 2588 si
1151 2545 1186 2588 er
1255 2533 1256 2564 ³

212 2637 227 2676 ι
247 2615 297 2676 itta
308 2613 478 2687 delatione,
491 2611 609 2673 ratione
623 2627 771 2689 personae,
787 2609 887 2690 aliqua
901 2610 1017 2673 oriatur
1033 2613 1185 2696 suspicio,

212 2702 343 2765 «teneri
368 2700 514 2781 aufugere
536 2700 607 2762 cbm
632 2699 767 2777 primum
790 2699 942 2780 poterit.»
969 2700 1026 2777 (De
1048 2701 1185 2784 Syncdo,

209 2791 265 2868 r'd.,
281 2802 317 2852 n⁰
334 2791 396 2870 13.)
1254 2797 1255 2800 ’

246 2884 279 2942 2⁰
302 2879 456 2963 Apostasia
484 2877 605 2958 bvstatu
628 2875 770 2956 religioso
797 2881 843 2938 est
865 2877 1031 2940 criminoso
1058 2880 1186 2960 objectio

207 2970 273 3032 ritae
287 2969 463 3030 monastice
477 2966 653 3028 solemniter
665 2965 808 3046 prolessae
820 3012 829 3041 ,
842 2985 913 3028 cum
924 2967 1028 3028 animo
1043 2968 1082 3030 ed
1098 2988 1185 3051 regu·
1253 2985 1254 2992 ¹

207 3058 268 3120 lare
282 3059 455 3120 institutum
472 3071 533 3116 non
546 3055 678 3135 arnplibs
690 3054 857 3117 redeundi.
850 3074 857 3089 ·
870 3056 908 3118 de
919 3059 955 3116 ed
967 3056 1035 3118 vide
1045 3056 1185 3122 Manuale

240 3241 483 3328 reportastis
502 3256 588 3302 sacro
607 3238 714 3300 ordine
729 3239 830 3305 locum
848 3245 937 3312 babet
951 3249 1077 3331 quando
1091 3253 1181 3316 cleri·
1252 3267 1253 3270 ’

202 3351 256 3397 cus
270 3333 302 3397 in
317 3336 410 3397 sacris
421 3329 615 3396 constitutus,
630 3327 744 3390 relictis
758 3329 860 3397 habitu
875 3345 905 3399 et
919 3343 1045 3402 tonsure
1060 3341 1182 3404 clerice-

202 3420 292 3499 libus,
307 3423 399 3484 ritum
409 3424 587 3487 secularem
601 3433 653 3487 aut
668 3425 927 3508 siatumconJugri
941 3429 1149 3510 amplectitur.

149 3545 154 3548 ·
242 3511 342 3574 Poenis
363 3513 559 3594 sequentibus
581 3515 716 3578 minatur
737 3516 785 3578 vel
809 3516 951 3597 plectitur
974 3524 1114 3598 apostata
1145 3515 1181 3582 ab

201 3598 327 3664 ordine:
344 3604 375 3664 l·
387 3603 721 3680 excommunicatione,
738 3623 800 3666 non
815 3605 937 3686 quidem
951 3605 1018 3668 latae
1033 3608 1104 3684 (nisi
1121 3625 1180 3670 rna·

201 3689 1179 3774 trimoniumcontraherepraesumpserit)sedlerendaesententiae
1250 3755 1251 3776 ,

202 3775 250 3854 (en
267 3796 334 3860 cop.
352 3783 367 3842 l
390 3777 435 3842 De
455 3782 610 3858 apostatis,
622 3777 815 3845 ettllernenl.
849 3785 940 3847 uniet
954 3783 989 3847 de
1002 3794 1179 3867 musanus

1238 4023 1250 4176 l
