2618 4212
196 249 252 310 too
274 273 277 278 ¹
462 253 613 300 mnuesrn
634 252 716 296 runis
737 222 886 298 cssos'rcr.

238 407 445 489 suspensiones
467 407 537 468 ratu
560 405 711 466 sententies
737 403 770 464 S.
805 403 947 484 Pontifici
960 413 1128 468 reseruntur.

241 547 271 605 ι.
286 538 533 621 suspensionem
547 540 617 620 ipso
628 539 710 602 iacto
722 539 889 602 incurrunt
901 557 919 602 a
932 556 1063 601 suorum
1078 539 1174 601 bene·

202 631 345 692 liciorum
370 629 582 709 perceptione,
600 627 640 690 ad
656 626 887 708 beneplacitum
912 624 943 690 S.
961 625 1047 689 Sedis
1065 672 1072 704 ,
1090 615 1176 708 Capi·

202 718 269 780 tula
285 725 317 777 et
335 715 515 779 Conventus
529 715 731 776 ecclesiarum
747 722 778 776 et
792 715 1057 777 monasteriorum
1073 762 1081 788 ,
1099 715 1171 777 alii-

205 913 213 937 ι
233 908 278 942 seu
290 906 460 957 quascumque
473 890 635 940 obventiones
646 905 701 954 qna
713 889 739 938 in
752 887 921 938 ministrorum
938 893 963 938 et
973 903 1112 952 pauperum
1132 905 1177 940 oe·

205 982 215 1010 ι
234 961 362 1012 cessitates
374 961 486 1012 converti
498 962 596 1020 debent,
606 975 649 1025 per
662 975 689 1010 se
699 959 737 1022 rel
748 973 791 1023 per
800 959 872 1017 alios,
880 958 904 1007 ri
912 957 950 1009 rel
963 958 1053 1010 timore
1067 959 1177 1024 incusso,

205 1052 215 1080 r
234 1049 277 1083 seu
296 1033 370 1083 etiam
393 1048 437 1096 per
455 1033 593 1098 suppositas
615 1045 733 1097 personas
752 1029 898 1080 clericorum
919 1035 962 1079 θυι
974 1029 1116 1091 laicorum,
1135 1047 1179 1084 seu

206 1123 215 1150 ι
234 1118 391 1169 quacumque
403 1109 469 1160 arte,
483 1109 526 1152 aut
539 1117 697 1168 quocumque
709 1101 813 1166 questro
829 1099 928 1157 colore,
951 1103 975 1149 ln
990 1105 1104 1165 proprios
1120 1118 1179 1152 usus

192 1193 215 1236 γ«ι
234 1181 388 1232 convertere,
403 1173 508 1240 illosque
520 1188 640 1237 usurpare
655 1170 845 1236 presumpserit,
858 1185 902 1220 seu
914 1168 1033 1234 impedire
1052 1187 1084 1221 nc
1097 1172 1128 1222 ab
1140 1173 1177 1235 iis,

206 1264 216 1290 ι
235 1245 264 1294 ad
278 1259 341 1310 quos
353 1243 549 1308 inrepertinent,
563 1242 738 1308 percipiantur,
751 1241 772 1290 is
785 1240 935 1290 anathemati
947 1241 1041 1292 tamdiu
1051 1242 1180 1308 subjaceat

206 1333 216 1360 ι
235 1314 352 1379 quamdiu
367 1312 563 1379 jurisdictiones,
586 1313 668 1373 bona,
685 1327 732 1370 res,
751 1313 814 1377 jura,
833 1311 928 1360 tructus
944 1317 969 1360 et
987 1311 1100 1364 redditus
1117 1330 1178 1380 quot

206 1403 216 1430 r
235 1385 402 1448 occupaverit,
415 1385 452 1434 rel
464 1385 506 1450 qui
527 1385 558 1434 ad
571 1400 629 1434 eum
648 1382 892 1449 quomodocumque,
913 1383 986 1432 etiam
1001 1383 1179 1436 ordenatione

206 1455 367 1520 «supposita
385 1469 496 1518 personat
516 1454 685 1520 pervenerint,
701 1451 817 1504 tectestae
840 1451 945 1517 ejusque
964 1452 1177 1515 administratori,

206 1545 216 1573 r
234 1525 286 1577 sive
302 1524 448 1576 beneficiato
462 1525 559 1590 integre
575 1525 718 1584 restituerit,
735 1539 765 1574 ac
780 1523 871 1574 deinde
886 1521 898 1570 d
912 1521 1032 1574 Rontonto
1047 1525 1179 1590 Pontifies

204 1617 215 1643 ι
233 1597 419 1648 absolutionem
430 1597 582 1647 obtinuerit.
603 1615 613 1644 s
630 1595 706 1658 (Sors.
725 1595 765 1654 ιι,
779 1610 800 1645 c.
813 1593 851 1652 ll,
866 1593 908 1642 De
919 1595 1039 1661 reform)

234 1667 325 1718 Praeter
338 1666 401 1717 hanc
411 1667 692 1717 excommunicationem
705 1666 810 1716 Summo
824 1661 937 1714 Pontifici
954 1679 965 1714 a
980 1664 1130 1718 Tridentino
1140 1683 1179 1718 re·

204 1745 337 1798 serratam,
351 1739 406 1788 late
417 1743 474 1787 sunt
485 1742 540 1804 ipso
554 1737 618 1788 facto
630 1737 661 1786 ab
678 1737 765 1787 eodem
778 1741 908 1800 sequentes
923 1751 977 1798 quae
990 1735 1061 1800 Paper
1072 1751 1124 1787 non
1137 1753 1178 1788 re-

205 1817 335 1860 servantur
347 1825 354 1859 :

235 1891 256 1939 t.
274 1891 302 1938 ln
315 1894 426 1952 raptores
438 1887 569 1938 mulierum
582 1887 647 1937 acin
656 1902 740 1937 omnes
750 1887 792 1951 qui
805 1887 854 1938 illis
868 1887 1009 1945 consilium,
1023 1888 1146 1940 auxilium
1155 1898 1180 1941 et

203 1961 311 2011 latorem
325 1960 444 2024 prebent.
458 1961 532 2021 (sess.
545 1958 585 2018 ut,
600 1973 622 2008 c.
635 1957 659 2019 6,
673 1957 715 2008 De
724 1958 831 2018 referto.
843 1958 974 2022 matrim.)

232 2055 256 2105 2.
274 2072 285 2102 θ
303 2051 463 2104 Anathemati
480 2053 506 2102 S.
525 2053 640 2120 Synodus
659 2051 760 2118 subjicit
774 2068 861 2105 omnes
878 2061 902 2104 et
922 2054 1033 2120 singulas
1047 2069 1178 2118 personas,

203 2144 214 2172 ι
232 2129 414 2188 cujuscumque
432 2123 558 2189 qualitatis
577 2123 616 2172 tel
629 2123 779 2173 conditionis
798 2125 904 2184 luerint,
924 2131 973 2175 tam
986 2124 1093 2175 clericos
1104 2141 1179 2190 qnam

204 2213 213 2241 ι
232 2196 318 2254 laicos,
332 2194 464 2244 saeculares
483 2195 521 2243 vel
534 2195 660 2255 regulares
673 2199 747 2259 atque
766 2195 840 2244 etiam
853 2195 964 2262 qualibet
984 2195 1107 2260 dignitate
1120 2199 1180 2248 iuna

203 2285 213 2313 ι
231 2273 329 2331 gentes,
348 2266 584 2331 quomodocumque
598 2265 726 2330 coegerint
739 2266 868 2317 mulierem
886 2267 997 2327 inritam,
1011 2273 1179 2334 praeterquam

202 2355 214 2384 r
234 2337 258 2386 in
270 2336 369 2386 casibus
382 2335 472 2398 injure
484 2336 620 2400 expressis,
643 2337 673 2385 ad
687 2335 876 2401 ingredientium
890 2337 1079 2398 monasterium,
1093 2341 1134 2391 rel
1146 2343 1178 2392 ad

203 2427 212 2454 ι
231 2407 416 2472 suscipiendum
432 2405 544 2456 habitum
558 2407 738 2474 cujuscumque
760 2407 905 2472 Religionis,
918 2409 956 2458 rel
969 2409 999 2458 ad
1015 2412 1180 2463 emrttendam

201 2497 212 2524 a
232 2479 410 2544 professionem
421 2494 428 2542 ;
441 2478 533 2544 quique
548 2478 694 2540 consilium,
714 2479 849 2541 auxilium,
863 2481 901 2530 vel
915 2479 1025 2530 favorem
1044 2480 1161 2534 dederint
1173 2502 1181 2544 ;

203 2569 212 2596 ι
230 2551 323 2616 quique
335 2550 441 2600 scientes
459 2565 512 2600 eam
526 2565 574 2600 non
590 2557 678 2614 sponte
695 2549 794 2614 ingredi
808 2551 996 2612 monasterium,
1012 2557 1055 2601 aut
1066 2552 1181 2605 habiturn

204 2641 213 2667 ι
231 2622 365 2684 suscipere,
379 2627 421 2670 aut
434 2620 612 2685 professionem
625 2621 746 2682 emittere,
761 2637 863 2687 quoquo
877 2623 950 2672 modo
964 2622 1045 2672 eidem
1059 2625 1127 2674 actui
1140 2629 1179 2676 rel

202 2713 212 2736 ι
234 2693 403 2756 praesentiam,
431 2693 468 2742 rel
487 2707 654 2753 consensum,
674 2691 713 2742 vel
739 2694 912 2744 auctoritatem
934 2695 1144 2757 interposuerint.
1167 2717 1178 2744 ι

204 2764 281 2824 (Sese.
291 2763 331 2823 ιδ,
345 2777 398 2827 cap.
411 2762 449 2824 18,
463 2763 504 2812 De
514 2763 641 2828 rogerium,
657 2764 723 2828 etc).

233 2857 256 2907 3.
275 2877 286 2902 ι
306 2855 386 2906 Simili
398 2871 499 2922 qnoque
511 2855 662 2906 anathemati
675 2855 777 2918 suincit
795 2856 832 2920 (S.
850 2857 974 2922 synodus)
988 2871 1031 2909 eos
1049 2859 1093 2924 qui
1104 2876 1181 2914 sanc·

202 2948 212 2976 ι
231 2937 281 2978 tam
295 2927 425 2992 virginem,
438 2928 475 2978 rel
488 2927 593 2978 aliarum
603 2927 736 2978 mulierum
749 2928 902 2978 voluntatem
915 2927 963 2979 veli
977 2929 1127 2994 accipiendi,
1140 2935 1181 2986 rel

201 3020 211 3044 ι
231 2998 281 3049 voti
301 2997 447 3058 emittendi,
463 3013 563 3063 quoquo
581 2998 655 3048 modo
671 2999 725 3048 sine
739 2998 807 3064 iusta
829 3013 902 3049 causa
921 2999 1125 3064 impedierint...
1143 3005 1180 3056 ab

202 3089 211 3116 ι
229 3070 295 3120 his...
309 3067 466 3132 excipiuntur
475 3070 591 3120 mulieres
603 3085 658 3134 quas
670 3069 818 3135 prenitentes
831 3077 874 3119 aut
886 3071 1039 3134 convertite,
1050 3075 1182 3140 appellan-

201 3162 211 3186 ι
231 3147 284 3202 ιυι·;
305 3141 330 3187 in
348 3138 439 3202 quibus
453 3141 646 3192 constitutiones
668 3155 752 3192 earum
774 3147 913 3193 serventur.
932 3140 1035 3206 »(Sess.
1049 3143 1090 3208 25,
1101 3161 1125 3198 c.
1138 3147 1178 3210 ta,

201 3211 242 3259 nu
255 3209 364 3274 nunt.)

230 3294 257 3346 t.
280 3311 289 3340 t
311 3293 425 3359 Praciplt
439 3294 466 3345 S.
481 3294 596 3358 Synodus
611 3296 736 3358 omnibus,
752 3298 931 3363 cujuscumque
946 3297 1050 3362 gradus,
1066 3300 1180 3368 dignita·

203 3384 213 3412 r
232 3363 262 3414 tis
275 3371 300 3415 et
313 3364 465 3416 conditionis
478 3367 585 3416 existant
597 3367 643 3429 sub
664 3367 827 3418 anathematis
841 3382 929 3433 poena,
951 3383 1028 3434 quam
1044 3370 1100 3434 ipso
1114 3373 1179 3427 iacto

202 3454 212 3482 r
231 3435 375 3496 incurrunt,
389 3441 520 3500 nequens
539 3437 613 3488 modo
627 3437 721 3490 directe
737 3437 775 3488 vel
788 3438 910 3489 indirecte
929 3439 1045 3490 subditos
1062 3459 1123 3496 suos
1141 3449 1180 3498 rel

201 3525 211 3554 ι
234 3521 404 3573 quoscumque
417 3505 480 3558 alios
489 3514 586 3570 cogant,
599 3509 733 3574 quominus
746 3508 824 3560 libere
834 3509 991 3560 matrimonia
1003 3515 1156 3568 contrahant
1168 3538 1181 3566 ι

201 3579 271 3642 (sess.
282 3578 321 3640 tt,
338 3595 359 3630 c.
370 3578 394 3640 9,
409 3579 451 3630 De
466 3580 575 3641 ch‘ornt.
587 3583 730 3646 matrim).

229 3663 252 3711 5.
272 3660 317 3719 Qut
338 3661 443 3724 docere,
459 3661 601 3728 praedicare,
619 3665 655 3716 rel
671 3665 828 3730 pertinaciter
843 3680 963 3725 asserere,
977 3680 1022 3718 seu
1040 3671 1117 3722 etiam
1129 3689 1181 3739 pu-

202 3731 263 3783 'stics
277 3731 426 3798 disputando
441 3731 574 3788 defendere
584 3737 767 3804 presumpserit
781 3753 831 3792 noo
846 3753 899 3790 essa
909 3739 1052 3794 necessario
1067 3747 1182 3807 premit-
