2552 4204
512 345 599 392 urun
618 347 754 394 runrrus.
1057 309 1117 370 7¹³

134 449 174 512 ut
195 449 376 531 invincibili,
399 457 446 519 vel
469 467 551 522 metu
574 462 692 536 mortis,
714 459 859 536 iniemiae,
873 461 1000 540 jacturae
1018 461 1119 528 bono·

133 557 217 615 rum,
231 547 261 602 et
276 561 338 604 non
353 543 390 606 sit
403 551 478 610 tunc
492 567 629 612 crnsurre
643 556 846 626 contemptus.

172 626 219 689 An
232 639 333 692 eutem
345 639 630 698 excommunicatus
646 637 741 718 possit
754 637 920 716 aliquando
930 637 1116 702 relidereci·

131 728 439 799 percsecrementum
457 727 731 806 poenitentiae,ride
747 727 919 789 discussum
930 727 1114 804 inilenucli,

132 817 168 866 n·
181 810 274 870 6510.

171 893 463 963 Excommunicetus
479 921 645 984 suspensus
660 905 693 966 rit
706 904 1114 985 recipiendosacramentum

129 984 260 1059 ordinis,
283 986 344 1048 imd
359 996 403 1049 est
421 989 632 1070 deponendus,
656 995 679 1056 si
704 995 834 1056 scienter
849 993 907 1055 hoc
922 994 1010 1055 leciet
1032 997 1108 1076 (cap.

130 1073 1109 1162 Comillorum3e,uesenr.eeromm.tntrtataestoons.teperet.

170 1163 206 1224 il.
228 1165 508 1231 Excommunicetio
533 1171 627 1249 privet
651 1191 708 1233 usu
724 1171 821 1233 activo
840 1190 894 1234 seu
913 1171 1111 1234 ndrrrioistra-

128 1250 214 1314 tione
230 1261 502 1331 secrementorum,
527 1259 711 1338 etquidem,
729 1262 752 1322 si
768 1263 1051 1322 excommunicatus
1071 1262 1108 1323 sit

127 1339 283 1419 vitandus,
299 1361 361 1404 non
375 1346 533 1425 potestille
549 1349 759 1410 administrare
776 1349 831 1410 nisi
845 1351 876 1410 in
890 1368 962 1411 casu
975 1349 1107 1412 rnrcessi·

128 1429 210 1502 tetis,
236 1438 286 1492 tut
312 1432 349 1493 ed
369 1435 524 1496 vitandum
545 1456 635 1516 greve
655 1437 908 1512 incommodum;
932 1439 955 1498 si
978 1439 1049 1499 verd
1069 1439 1106 1500 sit

127 1518 286 1594 toleratus
299 1520 355 1601 ipsi
365 1523 456 1583 etium
467 1525 524 1585 sub
534 1527 616 1604 gravi
630 1529 754 1589 vetitum
770 1534 813 1588 est
826 1526 1105 1603 illaedrninistrere,

127 1608 154 1670 si
170 1627 233 1670 non
249 1609 287 1670 sit
301 1613 484 1690 requisitus:
501 1632 587 1694 secus
596 1624 696 1677 eutem
712 1617 735 1675 si
754 1615 917 1696 requisitus
931 1616 970 1675 sit
985 1635 991 1672 :
1006 1615 1067 1675 imo
1079 1618 1105 1677 si

127 1707 304 1759 occurreret
325 1699 391 1762 dies
411 1701 503 1763 festus
529 1721 586 1764 nec
603 1704 720 1764 adesset
735 1704 812 1764 alius
827 1704 978 1772 sacerdos
1004 1713 1105 1780 posset

128 1786 255 1848 missam
278 1788 441 1867 celebrere,
457 1792 512 1852 etsi
528 1793 669 1870 expresse
691 1811 753 1854 non
781 1797 949 1871 rogaretur,
974 1791 1032 1850 nisi
1046 1790 1104 1854 hoc

127 1875 308 1938 scandalum
324 1878 453 1940 afferret.
473 1879 515 1941 lta
530 1883 561 1942 S.
576 1882 712 1959 Liguor„
732 1874 786 1941 lib'.
798 1884 828 1953 7,
844 1891 880 1940 n⁰
898 1883 963 1941 169.

126 1993 130 2000 ·
166 1967 237 2026 Non
252 1966 351 2027 solum
361 1968 477 2040 illicite,
493 1968 546 2028 sed
559 1969 652 2030 etiem
662 1968 794 2030 invalide
810 1967 995 2029 ministraret
1007 1985 1103 2032 secre-

125 2060 268 2116 mentum
283 2055 757 2136 poeni'tentiaeexcommunicetus
770 2057 920 2131 vitandus,
936 2058 1008 2138 quie
1020 2063 1103 2122 extre

126 2162 232 2206 cesum
249 2144 354 2206 mortis
365 2146 481 2208 articuli
494 2146 701 2224 jurisdictione
716 2153 808 2208 curet.

165 2233 297 2294 Ordines
320 2235 468 2314 recipiens
484 2235 522 2296 ab
535 2237 685 2318 Episcopo
702 2228 1116 2311 vitando‚nonjamrxcom-'

127 2322 368 2384 muricationem
384 2325 543 2402 minorem,
575 2327 632 2392 sed
665 2325 791 2386 incurrit
811 2343 1042 2404 suspensionem
1061 2329 1100 2388 ab

125 2411 272 2473 exercitio
297 2411 413 2474 ordinis
435 2415 565 2494 suscepti
590 2423 671 2495 (cap.
700 2414 772 2475 Cum
792 2413 929 2487 illorum,
952 2414 1038 2496 §fite
1055 2417 1099 2478 lle

124 2511 198 2563 tent.
215 2521 381 2578 recomm3
399 2504 433 2562 V.
451 2504 541 2563 etiam
556 2505 589 2565 G.
605 2503 663 2584 Ap.
678 2502 774 2583 see).

165 2589 224 2662 Oui
239 2591 518 2653 excommunicatos
528 2596 574 2653 vel
588 2591 764 2654 interdictos
774 2589 922 2661 vitandos,
939 2591 980 2652 ad
992 2590 1096 2656 dr‘vr‘nu

123 2681 233 2762 officia,
256 2699 305 2741 seu
323 2689 517 2754 sacramenta,
538 2680 582 2742 vel
597 2681 820 2742 ecclesiasticum
842 2679 1024 2760 sepulturam
1040 2682 1095 2744 cd·

122 2771 242 2830 mittere
253 2770 419 2848 presumit,
435 2778 548 2850 preter
565 2768 642 2830 aliur
657 2787 760 2850 poeous
772 2767 790 2828 ἁ
800 2768 871 2846 jure
887 2777 1027 2842 statutus,
1044 2771 1094 2832 in·

122 2873 264 2937 gressum
278 2857 412 2920 ecclesiae
422 2857 477 2919 sibi
486 2857 813 2919 noveritinterdictum.
829 2856 871 2918 lte
884 2875 951 2936 cup.
968 2858 1094 2938 Episco-

120 2965 240 3026 pcrum,
256 2949 286 3018 8,
298 2943 564 3023 DePricil.,in6⁰.
575 2944 823 3026 ltaetiamquoad
833 2963 901 3007 exc.
911 2943 1011 3024 strip.
1021 2946 1091 3009 Sed.

160 3036 212 3096 Ill.
228 3035 322 3110 Major
335 3035 613 3097 excommunicatio
627 3037 734 3116 privat,
745 3035 849 3096 saltem
866 3051 927 3094 non
938 3033 1094 3113 toleratos,

119 3122 276 3201 suffragiis
290 3123 434 3186 Ecclesiae
444 3123 670 3200 communibus,
689 3143 750 3186 non
767 3131 867 3186 tamen
885 3122 1017 3202 privetis.

160 3211 268 3284 Ouoed
280 3211 420 3275 toleratos
435 3213 562 3293 quaestio
577 3218 623 3274 est
636 3221 839 3275 controversa.

161 3302 211 3360 An
235 3307 337 3361 autem
352 3302 446 3381 possit
460 3301 600 3362 sacerdos
614 3309 759 3382 tunquam
780 3301 918 3363 minister
936 3303 1091 3384 Ecclesiae,

117 3386 221 3451 valide
238 3389 361 3465 sellem,
381 3391 533 3470 applicare
553 3390 823 3452 excommunicetis
844 3389 971 3452 vitandis
995 3395 1093 3458 missae

117 3477 318 3554 sucrificium,
333 3478 400 3540 vide
415 3478 446 3538 in
461 3477 609 3554 Marruuii,
633 3487 667 3539 n⁰
681 3482 773 3553 utut,
790 3478 841 3540 ubi
864 3479 995 3542 dicimus
1009 3484 1091 3564 quod

117 3567 470 3654 possirvattdequamvis
482 3567 740 3646 illicitetunquam
752 3567 1090 3644 ministerGhristi‚non

116 3661 192 3724 vcro
209 3665 358 3737 tunquam
372 3655 508 3716 minister
529 3656 682 3730 Ecclesiae,
701 3673 758 3716 nec
781 3657 872 3718 etiam
891 3657 973 3719 licite
993 3665 1091 3738 potest

117 3749 214 3831 accipi
227 3743 413 3825 stipendium
427 3744 465 3804 ab
480 3743 749 3806 excommunicatis
760 3743 899 3807 vitandis.

158 3840 210 3899 tv.
234 3835 335 3896 Privst
347 3850 404 3894 usu
418 3831 591 3894 divinorum
604 3833 785 3899 ciliciorum,
802 3833 888 3894 itaut
910 3850 1091 3896 excommu-
