2604 4196
467 279 554 332 uranx
575 279 732 325 secururs.
1032 272 1096 328 ott·

118 382 161 444 uti
171 380 308 444 candelis
321 379 408 441 dictis
420 377 561 440 oleariam
578 378 748 457 respondit,
762 384 779 440 'l
795 387 871 462 sept.
891 387 986 448 tarto:
1003 384 1095 447 Nr'lil

119 471 286 533 inrronetur.

159 556 242 622 Nota
269 555 352 639 qudd
371 555 524 629 candelae,
551 571 613 615 non
632 554 750 616 tantirm
771 557 801 617 in
817 559 964 623 sacrificio
981 563 1091 639 missae,

120 646 275 709 sedetiam
291 647 322 708 in
338 644 525 726 expositione
538 645 591 704 SS.
608 645 813 719 Saoranrenti,
830 656 880 709 aul
895 669 963 730 quae
976 651 1097 711 benedi-

121 744 232 798 cuntur
252 737 282 796 in
303 735 379 796 testo
395 731 634 808 Puritioationis,
654 738 683 794 et
705 751 761 813 pro
780 736 873 797 Cereo
890 741 1036 819 paschali,
1062 757 1097 803 ex

121 827 191 887 cert
204 843 271 886 esse
286 823 433 892 debeant;
456 821 522 883 aliae
535 828 638 881 tamen
658 840 746 900 quae,
769 825 847 886 ultra
864 825 1097 889 determinatum

123 931 309 990 numerum,
335 910 458 992 quando
478 911 579 990 plures
601 910 1036 990 permittontur‚accenduntur
1061 915 1099 976 ad

123 1003 296 1083 augendam
320 999 561 1072 solemnitatem,
577 999 791 1062 convenienter
814 1004 958 1082 quidem,
979 1023 1040 1065 non
1054 1011 1099 1065 ta·

125 1109 196 1153 men
210 1089 382 1158 necessario
392 1106 427 1149 ex
442 1089 521 1156 cera,
538 1086 590 1148 sed
603 1087 693 1148 etiam
703 1107 739 1150 ex
754 1090 810 1152 alit
827 1091 1099 1154 matoriadecenter

125 1180 304 1262 composita,
319 1195 386 1240 esse
400 1181 538 1258 possunt.
559 1175 630 1236 Vide
645 1177 819 1255 Gardellini,
836 1181 867 1242 in
882 1180 973 1242 lustr.
994 1169 1098 1261 Clean,

126 1266 144 1349 ξ
156 1273 188 1343 6,
202 1280 238 1329 n⁰
252 1273 283 1331 2.

168 1359 227 1419 Pro
246 1356 345 1420 missis
366 1355 567 1432 solemnibus,
590 1374 736 1418 numerus
756 1357 952 1423 candelarum
972 1379 1034 1422 non
1048 1359 1100 1422 dc-

125 1447 319 1510 terminatur.
339 1449 383 1508 De
398 1445 491 1507 Herdt
512 1442 594 1525 (pars
615 1447 648 1518 l,
669 1453 702 1505 n⁰
717 1447 766 1526 69)
784 1446 907 1510 deducit
921 1467 958 1512 ax
973 1449 1099 1511 Rubrict

128 1533 344 1598 incensationis
356 1553 408 1597 sex
422 1551 487 1596 esse
501 1533 724 1610 acoendendas;
736 1542 865 1615 quatuor
878 1544 979 1600 temen
992 1539 1024 1598 in
1035 1538 1099 1598 mis

128 1625 171 1687 sis
186 1626 288 1687 minus
302 1623 489 1687 solemnibus
502 1621 638 1684 adhiberi
651 1623 765 1700 solent,
778 1631 808 1686 et
821 1625 922 1706 plures
943 1625 1038 1708 quam
1052 1645 1101 1688 sex

128 1715 220 1777 ctiam
236 1713 359 1776 accendi
374 1716 513 1794 possunt.

170 1802 298 1875 Quando
317 1803 389 1864 verd
409 1799 571 1881 exponitur
591 1800 644 1860 SS.
670 1801 920 1879 Sacramentum,
945 1802 983 1864 ad
1003 1801 1105 1864 minus
1212 1783 1216 1790 ¹

129 1911 184 1955 sex
206 1890 340 1954 candelae
358 1908 453 1953 cereae
478 1892 550 1948 sunt
571 1887 773 1950 accendenda
795 1907 833 1952 ex
859 1892 987 1954 Decreto
1010 1891 1041 1954 S.
1067 1893 1098 1952 lt„

132 1984 243 2062 Congr.
259 1984 296 2043 ln
311 1980 411 2041 martii
423 1981 512 2040 1698.

172 2071 381 2134 nra-vlit.
403 2063 620 2147 Antipendr‘um
643 2083 697 2128 seu
724 2067 848 2148 pallium
872 2071 1048 2152 requiritur,
1073 2078 1105 2134 ut

133 2163 268 2223 anterior
281 2177 350 2240 pars
364 2156 464 2219 altaris
478 2155 620 2216 decenter
633 2160 769 2231 ornetur,
786 2159 843 2220 nisi
861 2160 954 2221 altare
968 2178 1021 2241 per
1036 2177 1105 2220 mo-

139 2251 207 2314 lum
224 2248 339 2312 tumbae
359 2244 532 2310 conlectum
554 2243 611 2318 sit3
631 2243 671 2304 ita
686 2246 768 2306 enim
790 2265 822 2308 sc
842 2247 932 2309 habet
953 2248 1104 2310 Rubrica:

136 2363 154 2400 o
175 2339 275 2400 Altare
287 2335 385 2418 pollio
395 2351 517 2415 quoque
527 2341 651 2394 ornetur
665 2335 791 2414 coloris,
806 2336 907 2418 quoad
922 2336 986 2398 fieri
998 2343 1105 2417 potest,

125 2452 155 2486 ..a
174 2427 233 2489 diei
245 2426 321 2489 testo
335 2424 381 2487 vel
398 2422 497 2486 officio
510 2421 728 2484 convenientis.
744 2446 759 2483 u

175 2516 348 2579 ore-lx.
373 2511 600 2586 Tubernuculum
623 2512 786 2591 requiritur
812 2514 837 2575 si
863 2513 1051 2576 Eucharistia
1078 2514 1108 2574 in

138 2606 221 2668 altari
246 2610 381 2666 serretur
411 2621 419 2662 ε
451 2601 494 2663 sio
527 2599 609 2662 enim
642 2599 732 2662 habet
758 2601 882 2664 Ititoale
912 2602 1108 2664 Romanum:

141 2718 157 2754 a
177 2697 326 2756 Curare...
350 2690 438 2752 debet
466 2687 642 2770 (parochus)
664 2696 697 2750 ut
716 2694 861 2772 perpetuo
882 2693 996 2772 aliquot
1014 2691 1110 2772 parti-

143 2784 254 2848 aculoe
279 2786 475 2854 consecratae,
496 2797 533 2839 eo
555 2796 683 2839 numero
705 2780 757 2858 qui
783 2783 849 2842 usui
870 2759 1062 2841 indrmdrum
1082 2785 1111 2842 et
1148 2856 1154 2866 ἢ

144 2897 158 2932 ι
178 2872 305 2936 aliorum
320 2869 455 2931 fidelium
470 2866 679 2928 communioni
693 2869 762 2928 satis
776 2887 842 2930 esse
861 2870 970 2948 possit,
985 2886 1111 2929 conser-

144 2969 287 3025 erentur
308 2960 340 3021 in
355 2957 456 3040 pixide
478 2974 516 3018 ex
539 2954 633 3016 solida
655 2955 835 3036 decentique
854 2957 996 3029 materia,
1016 2959 1112 3036 enque

145 3075 160 3110 a
179 3049 294 3114 munda
307 3055 335 3110 et
350 3066 406 3109 suo
419 3045 562 3127 operculo
576 3044 654 3105 bene
668 3045 780 3114 clausa,
796 3045 865 3106 albo
878 3046 944 3107 velo
958 3049 1110 3126 cooperta,

144 3163 161 3199 o
180 3148 211 3202 et
234 3138 382 3220 quantum
404 3152 452 3196 res
470 3133 560 3210 leret,
586 3141 692 3194 ornato
711 3133 748 3194 in.
764 3134 954 3196 tabernaculo
970 3135 1049 3197 clane
1069 3136 1113 3197 olr-

145 3237 287 3291 armato.

186 3339 202 3377 a
221 3318 287 3378 Hoc
300 3321 402 3377 autem
417 3310 646 3374 tabernaculum
660 3330 797 3392 conopeo
807 3311 949 3375 decenter
960 3321 1114 3394 opertum.

145 3429 163 3464 a
183 3413 273 3488 atque
291 3403 329 3468 ab
350 3403 434 3465 omni
449 3401 506 3462 alia
529 3419 561 3461 re
576 3419 723 3474 vacuum,
744 3404 775 3462 in
793 3401 878 3463 altari
897 3403 1002 3480 majori
1017 3402 1063 3464 vel
1083 3405 1113 3466 it
1138 3465 1139 3470 ,

147 3517 163 3553 a
183 3495 242 3556 alio
264 3491 348 3575 quod
364 3489 549 3554 venerationi
568 3495 598 3550 ei
616 3489 711 3552 cultui
730 3491 803 3552 tanti
819 3489 1005 3553 Sacrarnenti
1026 3509 1114 3552 com·

148 3606 165 3642 a
186 3583 305 3646 modius
317 3600 352 3645 ao
365 3580 522 3642 decentius
534 3579 681 3653 rideatur,
692 3579 731 3640 sit
743 3579 934 3653 collocatum,
950 3580 990 3640 ita
1005 3587 1036 3639 ut
1047 3578 1114 3638 nul·

149 3693 166 3730 u
187 3672 249 3735 lum
272 3671 338 3732 aliis
356 3669 448 3731 sacris
470 3668 689 3740 lunationibus,
709 3674 761 3730 aut
782 3667 992 3732 ecclesiasticis
1011 3663 1115 3727 ofliciis

152 3759 437 3844 «impedimentum
449 3757 590 3818 afl'oretm
611 3775 628 3800 ·
