2574 4198
445 337 533 383 casua
553 338 709 383 suounous.
1004 325 1062 383 609

123 431 276 497 Probatur
292 437 417 500 tandem
431 437 546 500 ratione
563 457 571 498 ι
589 437 721 498 Ecclesia
732 435 813 497 enim
828 435 961 498 instituta
976 435 1061 498 suita

84 517 202 583 Christo
216 529 250 585 ut
263 525 390 587 societas
404 531 528 588 externa
542 533 571 586 et
580 525 705 588 visibilis
717 545 724 585 :
736 524 827 606 porrd
840 524 923 586 nulla
938 526 1062 586 societas

84 607 149 670 sind
177 610 267 673 bonis
295 615 513 677 communibus
539 620 616 675 stare
642 618 760 693 potest,
796 613 867 674 cirm
895 614 1062 674 necessario

86 697 190 760 multae
216 698 364 764 faciendae
386 703 446 764 sint
469 703 632 783 impensae,
664 707 697 763 ut
722 700 850 762 ministri
878 702 1061 782 stipendium

86 782 238 863 habeant,
254 797 283 851 et
305 791 402 853 multa
415 791 591 854 necessaria
613 797 845 870 comparentur3
871 788 943 851 hino
962 789 990 852 ei
1009 808 1062 851 sua

87 871 210 938 luerunt
227 877 267 939 ab
294 877 359 959 ipso
386 880 471 942 initio
499 879 668 942 christianae
694 877 847 958 religionis
875 878 954 938 bona
971 879 1062 940 unda

86 962 178 1026 aleret
201 966 388 1048 Episcopus,
411 968 621 1049 presbyteros,
646 967 814 1036 ministros,
830 984 933 1027 curam
948 971 1064 1046 gereret

85 1051 312 1132 orphanorum,
326 1056 495 1138 virginum,
510 1055 684 1129 viduarum,
699 1063 778 1131 etc.;
800 1055 1063 1134 necessaria-qum·

86 1158 145 1220 que
171 1152 364 1222 compararet
386 1164 442 1226 pro
468 1144 688 1221 luminaribuS,
716 1144 809 1206 sacris
833 1143 930 1220 vasis,
959 1143 1062 1222 libriS,

87 1232 192 1310 agapis
202 1249 271 1311 quae
282 1233 473 1296 ecclesiastici
486 1233 611 1295 convivii
626 1251 722 1314 genus
731 1239 827 1295 erant.
843 1233 923 1313 Ergo
932 1233 1062 1295 Ecclesia

89 1317 224 1398 legitime
239 1327 338 1400 potest
350 1321 431 1382 bona
445 1323 611 1404 acquirere.

126 1407 252 1469 Frustra
265 1410 467 1486 objicerentur
480 1412 570 1472 verba
584 1411 692 1474 Christi
716 1409 766 1492 (S.
784 1409 901 1487 Marah,
922 1430 988 1492 cap.
1010 1414 1062 1484 10,

89 1514 115 1557 r.
128 1495 162 1578 9)
178 1515 186 1556 :
208 1498 335 1560 «Nolite
350 1500 501 1580 possidere
515 1519 643 1576 aurum,
660 1517 760 1580 neque
774 1505 948 1579 argentum,
966 1517 1062 1580 nequa

93 1607 107 1643 a
127 1586 291 1664 pecuniam
315 1589 346 1648 in
371 1592 453 1650 zonis
475 1589 608 1652 vestris»
625 1609 633 1664 ;
655 1593 686 1650 et
706 1590 747 1666 (S.
764 1589 850 1665 Luc,
869 1607 895 1649 c.
913 1593 947 1664 9,
963 1609 991 1650 ν.
1008 1589 1062 1669 3);
1090 1609 1093 1620 ·

93 1696 107 1732 r
126 1673 209 1736 Nihil
224 1675 352 1737 tuleritis
368 1677 398 1738 in
411 1678 456 1738 via
467 1699 497 1740 n.
514 1680 590 1738 Nam
605 1677 671 1739 haec
683 1677 771 1737 rerba
785 1676 864 1737 dicta
875 1675 959 1737 fuere
976 1682 1062 1756 apos·

88 1763 156 1824 tolis
169 1782 227 1844 pro
241 1771 378 1845 tempore
392 1766 458 1826 vitae
473 1765 591 1841 Christi,
608 1784 679 1846 quo,
695 1772 728 1825 ut
741 1764 939 1844 expeditiores
952 1770 1063 1840 essent,

88 1869 150 1915 non
165 1852 320 1914 debebant
334 1872 437 1916 secum
452 1853 566 1936 aliquid
579 1853 687 1933 singuli
702 1852 834 1924 deterre,
851 1853 921 1914 oiim
939 1871 1063 1933 praeser-

88 1940 142 2001 tim
165 1959 267 2022 neque
281 1960 450 2022 pauperum
465 1961 565 2024 neque
586 1941 782 2003 ecclesiarum
801 1948 873 2004 tunc
891 1960 996 2004 curam
1008 1942 1062 2004 ha-

90 2027 224 2108 bebant,
253 2037 282 2092 ct
313 2050 394 2093 unus
419 2033 575 2112 ipsorum,
599 2031 693 2094 ludas
716 2049 844 2112 nempe,
872 2030 986 2094 loculos
1009 2052 1064 2115 pro

88 2119 245 2181 communi
261 2138 318 2182 usu
335 2120 489 2200 portabat;
512 2128 541 2182 at
559 2121 611 2182 ubi
627 2121 779 2202 Apostoli,
796 2127 861 2201 post
876 2123 997 2183 Domini
1013 2126 1062 2184 As

88 2208 282 2284 censionem,
299 2209 564 2290 coeperuntsrgere
583 2210 668 2273 sedes
683 2211 818 2273 incertis
834 2211 906 2273 locis
919 2219 948 2272 et
960 2230 1079 2288 curam,

88 2295 199 2360 habere
212 2297 414 2360 Ecclesiarum
428 2304 458 2358 et
471 2317 656 2379 pauperum,
673 2318 734 2361 non
746 2301 888 2380 putarunt
903 2299 958 2360 sibi
973 2300 1063 2364 luisse

88 2386 275 2467 prohibitum
294 2385 429 2467 recipere
450 2394 480 2448 et
501 2387 611 2449 habere
629 2388 709 2451 bona
732 2389 922 2467 temporalia,
939 2395 971 2451 ut
985 2397 1064 2470 patet

87 2493 121 2539 ex
138 2480 206 2538 Act.
224 2475 328 2556 Apost.
345 2477 383 2550 (c.
399 2479 430 2551 t,
446 2496 474 2538 v.
491 2480 509 2538 5
523 2483 553 2538 et
566 2477 609 2559 6).

126 2569 198 2628 762.
219 2599 259 2612 -
280 2566 317 2626 ll.
339 2561 478 2626 Ecclesia
488 2565 634 2646 possidere
645 2575 738 2650 potest
751 2585 809 2628 non
821 2566 913 2628 solam
928 2565 1062 2647 mobilia,

86 2653 135 2717 aad
144 2655 238 2716 ctiam
251 2653 436 2722 immobilia,
453 2663 481 2715 ct
495 2656 612 2736 quidam
625 2676 700 2737 jare
715 2656 850 2728 naturali
862 2665 890 2718 ct
903 2655 1022 2727 divino,
1038 2670 1065 2721 ct

87 2741 318 2826 independenter
331 2743 350 2802 d
361 2751 500 2823 potestate
510 2745 658 2806 seculari.

128 2837 159 2894 l⁰
183 2832 283 2894 Etiam
299 2831 465 2894 immobilia
480 2833 632 2913 possidere
652 2839 748 2913 potest
762 2833 897 2894 Ecclesia
912 2853 919 2892 z
935 2835 1064 2898 rationes

87 2921 170 2984 enim
185 2939 279 3001 supra
293 2920 391 2981 allatae
406 2938 467 2981 non
483 2921 583 2983 minus
604 2919 718 2983 iaciunt
739 2939 793 3001 pro
811 2921 879 2998 jure
894 2921 1065 3000 possidendi

87 3009 259 3075 immobilia
269 3010 363 3090 quam
383 3028 438 3090 pro
455 3010 522 3088 Jure
536 3010 660 3072 mobilia
672 3010 801 3071 habendi
816 3031 823 3072 :
841 3017 1002 3090 praetcrea,
1019 3012 1065 3072 in·

87 3097 243 3163 stituendo
257 3097 422 3160 Ecclesiam
445 3105 478 3160 ut
491 3097 663 3161 societatem
682 3099 847 3177 visibilem,
864 3099 997 3159 Christus
1011 3118 1065 3180 po-

88 3193 225 3250 testatem
249 3185 277 3248 ci
298 3185 380 3248 dedit
400 3186 530 3248 habendi
553 3188 700 3270 quidquid
722 3194 768 3251 est
788 3188 991 3250 necessarium
1015 3195 1065 3251 aut

87 3277 176 3340 stiam
192 3275 269 3339 utile
282 3281 316 3338 ut
329 3275 425 3338 valeat
443 3294 529 3338 suam
551 3277 740 3338 existentiam
764 3295 896 3352 servare,
921 3282 951 3337 et
972 3275 1065 3360 finem

88 3383 176 3430 suum
193 3363 361 3446 prosequi;
376 3364 429 3426 scd
441 3364 479 3426 ad
492 3364 559 3428 haec
573 3385 633 3428 non
647 3368 744 3428 solum
758 3365 895 3442 mobilia,
910 3364 962 3427 sed
977 3367 1065 3428 etiam

89 3453 258 3518 immobilia
278 3461 348 3514 sunt
371 3472 450 3534 saepe
473 3455 609 3517 absoluta
632 3455 817 3526 necessaria,
838 3461 868 3515 et
891 3454 987 3516 solent
1002 3473 1066 3520 esse

89 3543 194 3606 altem
210 3541 345 3605 muttum
359 3541 441 3604 utilia
455 3561 463 3603 :
479 3541 644 3604 immobilia
656 3543 736 3604 anim
749 3549 821 3604 sunt
835 3544 1001 3605 necessaria
1012 3561 1066 3625 pro

88 3632 247 3708 ecclesiis,
272 3629 417 3692 domibus
445 3631 686 3712 episcopalibus,
711 3631 985 3714 presbyteralibus,
1012 3649 1066 3714 pro

90 3717 295 3790 tuonasteriis,
312 3717 521 3799 hospitalibus,
536 3719 723 3798 seminariis,
739 3720 863 3799 aliisque
879 3721 981 3780 multis
996 3717 1065 3782 locis

91 3809 164 3886 piia;
187 3808 255 3872 sola
273 3807 384 3885 pariter
403 3807 570 3870 immobilia
592 3807 670 3872 bene
692 3809 924 3940 subministrapa*
943 3817 1066 3888 possunt
