2552 4204
473 253 559 298 arnan
580 252 712 298 rearrus.
1022 238 1077 298 'tlt

125 367 127 374 '
146 359 268 420 Caetera
279 376 416 420 censurae
425 358 540 439 privant
554 359 677 440 quidem
690 360 775 422 honis
786 361 967 441 quibusdam
983 363 1078 425 Eccle-

109 446 177 522 siae,
202 446 255 508 scd
282 465 342 507 non
363 454 512 526 quatenus
536 455 606 509 sunt
628 449 785 511 vinculum
804 451 926 513 unionis
947 450 1083 514 fidelium

109 535 184 598 inter
198 553 253 613 se,
270 540 301 598 et
319 535 351 596 in
367 535 426 597 hoc
444 536 641 618 essentialiter
663 535 805 600 differunt
825 539 863 600 ab
876 541 1076 603 excommuni-

108 624 235 686 catione.

146 713 284 795 Duplicis
306 713 426 795 generis
446 720 492 777 est
510 715 809 778 excommunicatio:
834 721 865 779 l⁰
887 718 997 793 Minor,
1015 736 1081 799 qua

104 802 226 864 tantiam
241 802 336 883 privat
352 821 410 864 usu
425 803 543 884 passivo
557 823 609 866 seu
628 805 799 884 receptione
813 815 1081 883 sacramentorum,

104 897 130 951 rt
156 891 307 954 electione
328 891 444 972 passiva
465 891 503 952 ad
521 892 668 954 beneficia
691 894 909 969 ecclesiastica;
931 899 965 957 2⁰
986 895 1079 978 Major

105 999 178 1059 quae
194 981 294 1061 privat
305 979 389 1041 omni
403 981 620 1042 communione
639 981 850 1058 ecclesiastica,
874 1001 929 1047 scu
942 984 1071 1047 omnibu

107 1068 197 1132 bonis
210 1085 343 1150 quorum
357 1067 527 1130 distributio
541 1068 579 1130 ad
593 1071 759 1132 Ecclesiam
774 1073 913 1153 pertinet.

148 1159 282 1221 Nomine
304 1157 647 1236 excommunicationis,
669 1159 744 1220 nihil
766 1161 886 1240 addito,
910 1159 1082 1244 intelligitur

110 1265 232 1329 semper
246 1244 361 1324 majort
484 1261 490 1276 ¹

319 1374 391 1430 1.-
409 1373 450 1426 ue
469 1377 566 1423 uruoxr
590 1363 876 1416 excouuumcnrronu.

154 1457 233 1522 843.
271 1452 353 1529 Quid
394 1449 506 1530 primis
544 1441 691 1506 Ecclesiae
726 1434 847 1498 saeculis
875 1425 970 1492 luerit
1006 1424 1074 1488 haec

117 1539 409 1615 excommunicatio
422 1537 495 1599 ride
508 1533 629 1598 dictum
641 1529 674 1590 in
689 1521 840 1597 Malleoli,
854 1529 890 1580 n⁰
903 1514 992 1578 6486.

157 1638 218 1700 Per
233 1632 339 1696 Const.
355 1625 534 1707 apostolica
555 1620 636 1684 aedis
650 1629 818 1697 suppressa
836 1615 883 1670 est
895 1618 1078 1668 excommu-

120 1725 239 1790 nicatio
254 1719 368 1791 minor,
379 1734 448 1796 quae
463 1713 538 1775 olim
556 1705 777 1770 incurrebatur
791 1703 920 1780 propter
935 1706 1080 1754 commu·

121 1813 317 1878 nicationcm
332 1824 403 1870 cum
419 1795 694 1866 excommunicato
708 1786 848 1854 vitando.
859 1784 965 1845 Posset
974 1789 1079 1880 tamen

123 1905 300 1988 Episcopus
314 1895 408 1960 alicui
421 1889 619 1960 interdicere,
634 1881 716 1962 justa
729 1875 824 1977 causa
841 1873 1082 1969 interveniente.

122 1979 340 2070 receptionem
354 1985 636 2046 sacramentorum,
649 1974 820 2048 praesertim
832 1972 1082 2024 commumoms.

155 2085 275 2132 rncurrr
288 2073 432 2146 potestou
446 2070 602 2144 peccatum
614 2064 741 2136 reniale,
757 2061 838 2141 quod
854 2070 925 2124 tuno
937 2068 981 2124 est
992 2061 1091 2125 decla.

118 2156 250 2219 randum
278 2155 309 2216 in
332 2151 542 2223 confessione,
570 2153 603 2212 ut
624 2146 681 2209 nac
706 2153 835 2212 censura
862 2150 969 2234 ligatus
993 2152 1042 2238 ab!
1056 2153 1090 2214 aa

118 2243 302 2308 absolvatur.
587 2263 589 2267 ·

158 2333 370 2396 Communiter
380 2335 483 2392 tenent
495 2331 558 2392 ΠΙ).
575 2329 703 2411 graviter
713 2347 838 2411 peccare
852 2329 1093 2393 excommunica·

120 2431 184 2486 tum
203 2421 313 2482 minori
328 2419 654 2492 excommunicatione,
673 2419 846 2499 recipiendo
861 2416 982 2500 aliquod
997 2435 1093 2481 sacra

119 2515 272 2574 mentum.
285 2509 359 2572 Vide
373 2509 431 2572 alia
444 2509 476 2569 in
489 2505 628 2570 Manuale·
636 2555 645 2584 ,
660 2510 721 2568 an⁰
735 2511 825 2585 6487,
841 2514 898 2570 eto.

338 2667 461 2730 11.-m
480 2683 755 2728 xxcouuurucanour
773 2683 881 2728 aaroni.

161 2830 234 2891 844.
258 2822 340 2887 Ferri
365 2822 470 2902 nequit
496 2821 574 2884 licite
594 2826 700 2882 contra
720 2823 987 2899 communitatem,
1008 2820 1095 2886 colle·

122 2915 225 2997 gium,
241 2919 312 2985 etc..
328 2910 385 2974 nisi
396 2913 413 2972 a
423 2913 514 2991 Papa.

162 3002 279 3066 Diversi
297 3007 367 3062 sunt
384 2998 477 3080 ipsius
495 2998 638 3076 effectus,
660 3004 748 3079 prout
768 2997 857 3062 afficit
880 2997 1035 3070 tolerator,
1050 2998 1096 3062 vel

125 3111 183 3156 aon
197 3091 339 3152 tolerator
352 3107 405 3150 seu
419 3088 564 3149 uitandus.
668 3129 671 3137 ,

164 3186 243 3244 Ante
264 3176 433 3240 Concilium
447 3178 602 3238 Constant.
619 3175 733 3239 rcitandi
746 3182 833 3239 erant
852 3193 960 3239 omnes
973 3193 1097 3240 excom·

125 3267 271 3333 municati
285 3286 292 3325 ε
307 3265 359 3326 sed
372 3267 390 3328 a
403 3265 484 3326 dicto
497 3264 629 3326 Concilio
638 3265 748 3327 vitandi
764 3274 833 3326 sunt
847 3265 990 3326 duntaxat
1004 3267 1098 3328 uomi-

124 3357 220 3420 natim
234 3354 424 3430 mantica,
440 3360 472 3416 ut
486 3361 602 3415 constat
612 3372 649 3415 ex
660 3355 744 3415 Bulla
753 3354 873 3417 Martini
885 3356 922 3432 V,
932 3353 972 3416 ud
982 3353 1100 3417 aitardo

124 3445 286 3518 scandula,
308 3443 360 3506 rabi
380 3442 513 3506 dicitur:
534 3461 549 3499 c
570 3441 615 3502 Ad
629 3443 748 3503 vitanda
768 3443 945 3505 scandala...
961 3443 1100 3524 indulge·

130 3561 143 3595 r
165 3553 237 3597 nrus
258 3531 340 3614 qudd
356 3549 446 3594 nemo
466 3531 609 3611 deinceps
630 3533 647 3591 a
665 3534 880 3594 communione
901 3533 1049 3611 alicujus,
1070 3531 1099 3591 in

131 3627 428 3684 «sacramentorum
451 3618 734 3699 administratione,
760 3621 805 3679 vet
827 3621 1017 3696 receptione,
1038 3619 1101 3689 rel,
