2590 4208
487 267 571 312 unua
592 267 726 314 'rannus
1052 255 1090 316 55

112 389 296 445 conventus
318 380 440 460 ingredi
462 399 521 462 pro
544 381 689 443 examine
715 387 787 442 ante
814 379 1012 444 vestitionem
1037 393 1109 444 aut.

116 469 358 550 professionem.
384 469 449 532 Hoc
471 469 557 531 enim
576 485 708 530 examen
730 466 770 528 ad
791 475 890 530 crates
906 471 1089 534 monasterii

115 559 188 622 neri
203 557 307 621 debet.
324 557 371 640 (V.
389 557 542 634 Manuale,
559 569 595 618 n⁰
609 559 700 628 2852,
716 564 747 617 et
761 556 1000 635 Commuuaute's,
1016 566 1088 635 cic,

116 647 255 726 n⁰659).

162 735 240 798 ltem
260 735 441 799 clausuram
456 735 577 813 ingredi
602 741 734 816 possunt
754 732 935 796 confessarii
958 755 1015 818 pro
1032 739 1090 800 mi·

118 823 296 886 nistrandis
318 824 522 885 sacramentis
543 831 573 885 et
596 821 856 886 commendandis
876 825 1042 888 animabus
1058 829 1089 888 in

117 929 223 991 agone
236 912 431 987 constitutis3
448 911 562 974 medici
581 911 743 988 similiter,
758 928 797 974 cx
812 911 939 974 lieentia
953 914 1092 993 generali

123 993 182 1080 pro
195 1000 320 1064 casibus
335 1000 668 1080 urgentibus,sipgalis
682 999 1091 1066 trimestribusrenovanda.

124 1090 203 1152 item
218 1091 354 1171 operarii
369 1097 400 1151 et
416 1089 466 1151 alii
485 1088 523 1152 ad
537 1089 698 1151 servitium
714 1089 891 1154 necessarii.
984 1143 987 1152 r

164 1179 244 1242 Nota
269 1179 417 1241 mulieres
439 1179 527 1242 haud
554 1195 645 1258 posse
666 1178 856 1240 monasteria
877 1180 998 1258 ingredi
1029 1184 1095 1244 sine

126 1268 316 1331 monialium
338 1285 492 1330 consensu
514 1267 727 1348 capitulariter
741 1285 798 1348 per
818 1277 933 1330 secreta
949 1270 1096 1350 suffragia

127 1357 278 1440 praestito,
300 1356 423 1418 etiarnsi
435 1357 563 1420 obtenta
582 1355 692 1418 fuisset
707 1373 725 1417 a
739 1353 852 1419 Sancta
869 1355 948 1420 Sede
969 1359 1096 1421 licentia

127 1444 277 1510 intrandi.
1145 1513 1149 1518 .

170 1533 300 1597 Praelata
314 1533 352 1595 de
370 1535 516 1596 clausura
532 1533 638 1616 papali
653 1533 735 1596 dicta
758 1540 830 1594 sunt
847 1553 854 1592 :
875 1553 969 1614 porro
983 1537 1097 1616 hujus·

128 1623 217 1686 modi
233 1620 379 1684 clausura
394 1624 425 1684 in
449 1621 565 1698 Gallia,
592 1619 750 1692 Sabaudia
772 1628 804 1682 et
825 1621 960 1684 Niciensi
973 1625 1099 1687 dioecesi

129 1712 284 1792 exceptiS,
302 1729 364 1774 non
379 1711 493 1774 existit.
511 1710 661 1774 Clausura
677 1718 781 1771 tamen
796 1718 841 1770 est
855 1709 1051 1790 observanda
1068 1715 1099 1774 in

131 1801 283 1865 omnibus
304 1800 502 1882 monasteriis
518 1800 550 1860 in
569 1799 717 1880 quibusa
741 1798 848 1878 regula
868 1801 1100 1880 praeseribitur;

132 1899 163 1954 et
177 1889 209 1953 id
225 1887 354 1970 quidem
369 1889 427 1951 sub
443 1888 544 1967 poenis
559 1887 598 1949 ab
613 1885 777 1950 Ordinario
792 1888 929 1950 sancitis

174 1979 220 2042 Ex
236 1978 382 2060 pluribus
397 1977 427 2040 S.
445 1976 597 2057 Congreg.
608 1975 888 2052 Conciliidecretis,
902 1987 1103 2060 prospectum

135 2073 168 2132 in
184 2068 364 2131 clausuram
379 2066 497 2129 habere
512 2084 576 2130 non
589 2066 706 2129 debent
721 2064 834 2130 domus
848 2069 970 2131 vicinae.
986 2068 1033 2149 (V.
1050 2071 1105 2132 Des

137 2158 368 2230 Commuuaute's,
381 2166 458 2238 etc,
476 2167 511 2216 n⁰
527 2155 610 2238 677).

175 2251 245 2310 997.
274 2245 324 2308 lll.
355 2246 398 2307 Da
422 2261 548 2308 accessu
575 2263 612 2308 nr
638 2262 807 2318 conxoouns
828 2254 1106 2310 euuruonnxmus.

137 2335 294 2401 Omnibus
308 2333 495 2414 generaliter
509 2333 697 2414 prohibetur
725 2353 866 2398 accessus
888 2339 928 2398 ad
952 2341 1107 2401 moniales

138 2426 165 2487 si
192 2424 274 2486 absit
301 2423 385 2504 justa
413 2441 533 2485 causa:
561 2430 593 2485 et
615 2421 745 2502 quidem
763 2424 822 2486 sub
849 2426 943 2486 variis
959 2429 1061 2506 poenis
1090 2445 1107 2488 a

138 2511 324 2578 Tridentino
339 2511 494 2573 innovatis
515 2505 709 2593 (sess.'XXV,
729 2529 756 2572 c.
772 2516 807 2583 5,
823 2510 862 2572 ue
877 2513 998 2595 regul).
1018 2514 1111 2576 Exci-

141 2604 277 2687 piuntur
288 2601 493 2664 saecularesin
511 2599 542 2661 l0
553 2610 584 2662 et
598 2599 630 2661 2⁰
645 2599 746 2678 gradu
769 2601 976 2678 cognationis,
993 2622 1112 2684 paupe-

143 2711 193 2756 res
207 2689 432 2762 mendicantes,
456 2687 567 2750 famuli
589 2698 642 2748 aut
668 2687 795 2750 famulae
805 2691 893 2766 jussu
908 2690 1111 2754 dominorum

144 2797 277 2844 suorum
288 2795 420 2840 munera
434 2775 630 2852 deierantes,
646 2776 839 2850 confessarii,
856 2785 914 2840 eto.

186 2869 329 2932 Diximus
340 2867 495 2930 saeculares
510 2885 519 2926 .·
534 2866 613 2929 Nam
629 2866 788 2946 regulares
803 2869 1004 2944 monasteria,
1021 2871 1116 2934 etiarn

146 2965 313 3038 exempta,
340 2956 466 3018 uisitare
486 2963 648 3037 nequeunt
663 2955 731 3018 sine
753 2954 900 3036 Episcopi
920 2957 1043 3020 licentia
1054 2979 1062 3032 3
1088 2969 1119 3022 et

148 3066 222 3112 cum
237 3047 304 3128 ejus
319 3045 446 3108 licentia
461 3055 571 3124 quater
586 3053 721 3119 tantum,
737 3055 823 3106 extra
835 3045 1018 3120 adventurn,
1037 3067 1119 3128 qua-

149 3137 373 3216 dragesimam,
383 3134 492 3196 leriam
506 3133 556 3207 Vl,
569 3135 749 3208 sabbatum,
759 3133 883 3213 vigilias
893 3144 924 3197 et
936 3135 1002 3198 dies
1010 3132 1113 3200 festos
1168 3193 1170 3201 Α

152 3233 283 3310 possunt
297 3226 481 3305 conjunctas
495 3223 529 3284 in
550 3228 581 3284 l⁰
596 3231 628 3285 et
642 3223 674 3285 2⁰
689 3222 789 3302 gradu
805 3224 948 3287 invisere.
969 3225 1121 3309 Insuper,

152 3313 260 3397 quoad
285 3321 469 3395 exemptas,
497 3311 624 3376 licentia
646 3311 800 3373 subscribi
827 3311 920 3374 debet
945 3332 962 3376 a
987 3317 1123 3396 regulari

153 3403 298 3467 Praelata.
318 3403 386 3465 lmo
407 3403 518 3463 missas
536 3401 569 3462 in
590 3399 728 3462 ecclesiis
755 3401 941 3464 monialium
964 3406 1123 3471 celebrare

154 3501 318 3574 nequeunt
347 3493 415 3553 sine
446 3489 557 3552 eadem
592 3489 740 3571 Episcopi
774 3489 911 3555 licentia.
948 3491 1122 3576 (Manuale,

157 3583 198 3645 nb
218 3580 421 3662 uuae-2860).

198 3670 565 3734 Exoommunicationem
581 3668 733 3751 maj0rem
748 3669 816 3752 ipso
829 3668 911 3734 iacto
923 3679 954 3734 et
968 3673 1044 3736 alias
1059 3693 1125 3756 poe·

153 3780 211 3826 nas
227 3765 393 3823 incurrunt
409 3759 568 3839 regulares
582 3757 776 3841 alloquendo
787 3760 855 3822 sine
870 3760 995 3824 lieentia
1011 3764 1121 3830 sanctb

1002 3866 1062 3916 10**
