2552 4204
191 269 271 328 '694
488 279 638 323 senuerim
658 252 739 322 ru'ars
761 275 910 321 canonici.

254 379 461 441 Formalilates
472 377 509 439 ad
524 377 662 438 ferendas
676 395 819 438 censuras
833 376 984 458 requisitae
999 373 1053 458 per
1068 379 1165 458 legem
1180 427 1186 452 ‚

214 474 357 530 statutum
382 475 433 529 aul
455 474 659 548 praeceptum,
684 484 746 527 non
767 465 832 527 aliae
852 472 923 526 sunt
939 469 1033 547 quom
1056 485 1103 528 eae
1123 487 1189 548 quae

214 557 411 636 requiruntur
425 554 463 616 ad
477 553 633 615 ferendam
645 553 743 634 legem
758 561 809 615 aut
822 549 979 630 statutum,
994 561 1047 616 aut
1058 573 1189 636 praecep-

213 649 296 716 tum;
312 643 478 723 etquidem
493 644 517 704 si
540 659 676 704 censurae
691 640 868 720 hujusmodi
881 642 943 702 sint
954 642 1023 704 lotoe
1036 645 1190 706 sententio

213 732 409 794 incurruntur
424 732 455 792 in
473 730 537 792 loro
552 730 760 804 conscientiae,
776 731 889 811 absque
907 731 968 792 ulld
980 731 1037 792 alia
1052 731 1188 793 formali-

214 825 296 882 tate:
321 820 374 882 sed
401 820 430 880 in
452 819 516 880 loro
540 824 664 880 externo
691 817 856 899 requiritur
879 820 1028 880 sententia
1050 819 1189 882 declara·

212 909 312 969 toria:
336 907 419 970 unde
443 907 606 988 requiritur
626 907 774 986 judicium
793 907 823 968 in
845 907 903 970 hoo
920 926 1012 981 casu,
1033 915 1127 990 prout
1140 927 1188 970 re-

212 997 340 1076 quiritur
355 995 477 1076 quando
491 1013 618 1057 censura
639 995 733 1057 lertur
753 1015 807 1078 per
823 996 947 1058 modum
969 997 1148 1073 sententiae‚
1162 1006 1188 1059 el

214 1085 339 1164 proinde
361 1084 555 1145 formalitates
576 1083 607 1144 in
631 1084 746 1162 judicio
768 1084 982 1162 observandae,
1001 1086 1096 1147 etiam
1118 1094 1187 1148 tunc

212 1173 419 1252 requiruntur,
435 1172 504 1232 lieet
520 1190 580 1233 non
597 1173 768 1252 requiratur
783 1173 910 1235 monitio
925 1174 1021 1254 alege
1035 1174 1185 1236 distincta.

250 1277 326 1338 Fere
345 1295 452 1338 omnes
471 1277 667 1339 formalitates
682 1279 833 1358 requisitas
854 1279 885 1340 in
903 1279 1035 1342 ferendis
1050 1283 1188 1344 censuris

210 1371 346 1446 spectant
359 1365 404 1427 rel
420 1365 618 1427 monitionem
635 1369 696 1446 rei,
713 1367 758 1428 rel
773 1368 950 1429 sententiam
963 1369 1087 1448 judicis.

249 1473 317 1532 823.
337 1473 359 1532 l.
375 1473 408 1530 ln
424 1472 559 1533 censuris
571 1472 733 1552 requiritur
748 1474 874 1535 monitio
892 1474 947 1551 rei,
964 1475 1035 1555 quia
1050 1495 1187 1540 censurae

210 1567 277 1620 sunt
290 1578 388 1640 poenae
398 1559 591 1622 medicinales
600 1580 668 1641 quae
679 1562 799 1623 nonnisi
810 1563 841 1622 in
853 1571 1047 1626 contumaces
1057 1564 1130 1628 ferri
1139 1566 1186 1630 de-

209 1646 300 1710 licnt:
316 1649 395 1720 unde
405 1649 526 1729 quando
538 1668 601 1711 non
616 1650 816 1731 imponuntur
830 1652 861 1712 in
873 1652 999 1714 modum
1013 1653 1184 1729 medicina,

209 1737 260 1796 sed
276 1737 375 1798 sollrm
391 1737 421 1797 in
441 1737 568 1800 niodum
589 1757 679 1800 merae
694 1757 792 1820 poenae
807 1740 843 1800 ad
864 1741 1056 1820 punitionem
1073 1746 1184 1824 peccati

209 1825 369 1903 praetoriti,
390 1825 472 1906 quod
493 1828 668 1908 contingere
692 1833 789 1908 polest
808 1828 839 1888 in
862 1831 1063 1910 suspensione
1083 1835 1183 1896 autin

187 1985 190 1992 Ι
207 1911 366 1974 interdicto
381 1915 552 1994 particulari
570 1917 642 1996 (non
657 1917 727 1978 verd
741 1917 900 1999 generali),
916 1926 989 1981 tuno
1009 1937 1074 1981 non
1086 1924 1185 2004 requi-

209 2001 283 2061 ritur
298 2002 424 2061 monitio
440 2003 493 2062 rei.

187 2167 189 2176 ,
245 2109 371 2170 lllonitio
392 2115 493 2171 autem
507 2118 550 2172 est
568 2111 729 2177 declaratio
748 2115 825 2179 laeta
845 2117 976 2196 ajudice
993 2118 1183 2202 delinquenti

207 2196 289 2276 qudd
305 2197 342 2256 sit
361 2215 521 2258 censuram
541 2200 728 2278 incursurus,
746 2204 771 2266 si
792 2223 853 2266 non
875 2205 1028 2284 resipiscat
1045 2215 1100 2270 aut
1122 2229 1182 2272 non

207 2291 321 2364 pareat.
341 2285 444 2346 Dill'rrt
458 2289 474 2347 a
489 2287 630 2351 citatione
643 2285 674 2350 in
693 2309 729 2353 eo
747 2293 829 2372 qudd
843 2294 969 2356 monitio
985 2295 1036 2358 liat
1055 2304 1090 2359 ut
1110 2299 1182 2361 sub-

208 2371 289 2432 ditus
304 2379 407 2434 calleat
418 2377 434 2434 at
448 2393 480 2436 re
495 2377 592 2452 vetita,
610 2384 671 2452 aut,
684 2379 709 2440 si
723 2380 899 2442 mandatum
911 2389 1118 2464 transgressus
1132 2388 1180 2462 sit,

205 2459 242 2518 ab
254 2460 456 2525 inobedientia
467 2466 586 2526 recedat
598 2485 604 2526 :
616 2466 797 2530 dumcitatio
807 2468 839 2530 tit
848 2476 957 2532 utreus
967 2490 1071 2534 coram
1078 2475 1183 2553 judice

205 2565 236 2610 se
245 2550 339 2626 sistat,
352 2560 383 2612 ut
397 2543 588 2633 respondeas,
601 2573 632 2616 se
646 2555 795 2628 defendat,
809 2563 861 2620 out
873 2561 1053 2622 sententiam
1064 2564 1179 2627 audiat.

243 2657 364 2726 Quaerit.
382 2660 430 2720 An
444 2659 571 2722 monitio
581 2661 620 2722 sit
629 2663 771 2744 requisita
781 2662 838 2726 sub
849 2667 940 2746 poena
950 2667 1094 2730 nullitatis
1107 2689 1179 2732 cen-

202 2745 304 2805 suras?

244 2858 333 2934 ltosp.
350 2857 381 2916 l⁰
399 2856 484 2919 Certe
499 2858 708 2932 monitionem·
718 2860 750 2922 in
768 2863 906 2925 censuris
921 2882 986 2926 esse
1001 2867 1180 2948 requisitam

202 2941 239 3002 de
258 2944 434 3005 necessitate
459 2947 599 3026 praecepti
626 2948 716 3008 etiam
738 2951 845 3030 gravis.
871 2955 912 3015 lta
932 2953 1013 3014 enim
1037 2975 1070 3017 se
1089 2957 1180 3021 habet

203 3031 350 3096 Alexand.
364 3035 411 3106 lll,
427 3033 456 3091 in
468 3051 534 3114 cap.
552 3035 802 3116 &prehensibilis
816 3043 866 3114 26,
880 3042 922 3102 ne
933 3043 1044 3124 appell.
1061 3064 1069 3105 :
1088 3049 1179 3110 «su-

205 3137 220 3175 u
240 3121 353 3180 luimus
368 3125 401 3179 nt
412 3138 468 3180 nec
478 3120 605 3197 Praelati,
620 3123 679 3184 nisi
688 3127 827 3187 canonico
841 3129 1002 3191 monitione
1006 3135 1176 3212 proemr'ssd,

205 3225 220 3263 o
241 3207 513 3285 suspensionis'vel
537 3213 857 3278 excommunicationis
878 3223 1058 3282 sententiam
1078 3222 1177 3287 ferant

204 3313 219 3351 u
240 3293 271 3354 in
287 3293 433 3370 subditos,
452 3295 507 3357 nisi
521 3296 596 3360 lorte
609 3299 677 3361 talis
688 3299 724 3362 sit
737 3304 826 3384 culpa
843 3325 909 3384 quae
923 3307 987 3389 ipso
997 3329 1054 3372 suo
1064 3329 1177 3392 genera

188 3401 219 3440 -u
239 3383 447 3460 suspensionis
460 3390 512 3446 aul
525 3389 850 3453 excommunicationis
864 3414 986 3476 poenam
1007 3399 1172 3464 inducat.»

129 3497 131 3502 .
200 3471 247 3530 An
262 3477 362 3531 autem
377 3473 414 3532 sit
426 3473 569 3553 requisita
583 3475 639 3536 sub
651 3480 741 3557 poend
756 3482 910 3558 nullitatis,
924 3484 1035 3566 duplex
1050 3495 1097 3550 est
1111 3507 1177 3553 sen·

199 3560 292 3619 tentia
308 3559 470 3634 probabilis
480 3581 490 3635 3
507 3563 559 3624 sed
572 3564 726 3629 affirmans
745 3567 870 3632 liabetur
885 3579 917 3634 ut
934 3578 1128 3640 communior
1145 3588 1174 3644 et

199 3649 393 3726 probabilior,
419 3657 449 3712 et
470 3659 612 3732 probetur
634 3673 672 3716 ex
695 3673 761 3738 cap.
782 3658 951 3722 Statoimus
969 3666 1005 3739 3,
1031 3666 1076 3726 lte
1096 3676 1171 3732 sent.

200 3749 352 3811 excomm..
369 3740 400 3798 in
415 3743 458 3813 6⁰,
474 3740 525 3801 ubi
540 3740 649 3803 dicitur
662 3746 744 3822 qudd
759 3746 824 3808 sine
833 3752 988 3824 proemt‘ssd
998 3755 1171 3832 monitione,
