2590 4208
400 313 404 323 “
489 326 575 371 traua
595 324 731 373 ruamus.
1060 311 1095 368 m

116 445 165 498 ret
187 443 356 515 parentum
377 431 634 508 necessitatibus3
649 432 719 511 rel,
739 436 764 497 si
776 435 894 498 ibidem
915 448 1089 510 remanens

118 528 150 586 in
169 524 315 604 proximo
330 523 470 604 periculo
481 532 561 584 esset
576 521 709 585 salutem
722 523 898 586 amittendi.

160 611 238 673 ltem
256 611 363 672 liceret
378 612 408 672 in
427 610 541 672 saeculo
552 628 680 672 manere
688 611 726 674 ad
742 604 1091 687 subveniendumgravi

116 699 253 761 fratrum
271 709 301 759 ct
316 716 459 760 sororum
475 698 669 774 necessitati3
685 698 738 760 sed
754 718 816 761 non
831 707 911 762 esset
924 707 1002 759 tunc
1013 694 1091 758 obli·

115 789 203 866 gatio
218 787 262 848 sic
287 787 413 866 agendi,
430 785 489 847 nisi
511 795 656 864 ageretur
678 787 718 850 de
732 797 872 851 extrema
896 783 1089 849 necessitate.

156 875 310 938 Caeterum
336 874 392 936 filii
414 873 611 955 pubertatem
633 873 738 957 adepti
766 875 849 938 licite
869 880 1000 956 possunt
1014 868 1090 932 reli·

114 964 245 1041 gionem
260 961 383 1041 ingredi
399 961 506 1024 invitis
520 970 575 1024 aut
591 961 696 1024 insciis
717 962 914 1045 parentibus,
928 961 1004 1042 quia
1024 974 1090 1019 non

112 1053 159 1112 esi
178 1051 331 1130 obligatio
352 1050 535 1131 parentibus
555 1049 751 1132 obsequendi
772 1049 879 1132 quoad
904 1049 1089 1113 electionem

115 1148 227 1212 status,
246 1139 420 1220 praesertim
435 1137 587 1218 religiosi3
610 1157 647 1202 eo
670 1138 756 1219 quod
771 1158 869 1221 saepe,
896 1137 939 1202 ob
954 1134 1089 1199 munda·

115 1247 194 1292 num
211 1226 373 1303 affectum,
389 1227 422 1289 in
436 1225 542 1290 hostes
558 1234 727 1291 mutentur.
747 1228 893 1291 Attamen
912 1224 1090 1290 consultius
1149 1251 1152 1263 r

112 1327 160 1379 est
175 1325 211 1380 ut
226 1315 340 1378 adhoc
354 1315 482 1378 illorum
497 1333 686 1380 eonsensum
700 1316 876 1392 obtineant,
892 1333 931 1380 eo
943 1313 1042 1392 magis
1056 1312 1088 1374 in

112 1405 214 1468 Gallia
237 1404 321 1486 quod
344 1405 393 1468 lex
407 1405 507 1467 civilis
521 1404 598 1468 huic
612 1406 765 1486 ingressui
789 1415 860 1470 ante
878 1404 1087 1486 majoritatem

112 1493 308 1556 adversetur.
325 1493 361 1557 v.
379 1501 437 1556 art.
454 1491 512 1557 372
527 1501 558 1556 et
570 1493 629 1557 att
644 1493 761 1557 codicis
774 1494 884 1557 civilis.

152 1581 200 1643 Es
214 1581 417 1657 Tridentino,
434 1600 509 1644 sess.
533 1599 609 1659 xxv,
624 1601 652 1646 c.
671 1585 728 1654 l8.
749 1585 806 1664 qui
826 1591 943 1662 cogunt
965 1580 1088 1662 puellas

111 1679 169 1734 aut
192 1671 343 1734 mulieres
357 1669 394 1733 ad
412 1670 596 1751 religionem
611 1669 851 1750 ingrediendam
871 1669 999 1752 proprie
1017 1667 1087 1731 die·

112 1769 197 1836 tam3
215 1757 265 1822 vel
279 1759 346 1840 qui,
363 1759 430 1822 sine
441 1758 526 1840 justa
540 1775 646 1838 eausa,
663 1759 754 1821 aliter
767 1777 864 1840 quam
878 1757 1023 1838 precibus
1035 1766 1088 1820 aut

112 1846 406 1922 sollicitationibus,
444 1846 620 1929 impediunt
644 1866 685 1912 ne
710 1847 827 1911 eaedem
854 1845 1085 1928 ingrediantur,

113 1938 266 2018 majorem
281 1937 664 2012 excommunicationem,
683 1955 749 1999 non
769 1943 961 1999 reservatam
975 1935 1085 1997 iucur-

112 2031 196 2088 runt.
215 2023 263 2105 (v.
282 2023 335 2086 lies
350 2023 589 2100 Commorientes,
605 2032 677 2100 ete,
694 2036 731 2085 n⁰
742 2023 826 2108 tlt.)

150 2115 222 2176 956.
247 2111 279 2174 7⁰
298 2111 345 2174 En
361 2111 448 2174 bulla
464 2111 536 2175 Cam
552 2111 587 2174 de
602 2113 735 2175 omnibns
758 2112 835 2178 Sixti
849 2112 886 2191 V,
903 2113 936 2174 in
953 2111 1084 2192 religio·

113 2220 188 2265 nem
210 2199 308 2282 recipi
330 2199 541 2281 prohibentur
561 2202 678 2284 ingenti
696 2219 756 2265 oerc
775 2202 875 2264 cinno
897 2219 989 2283 snpra
1010 2201 1085 2263 eires

112 2290 293 2371 fucultatem
314 2307 434 2351 suornm
457 2292 579 2370 pronati
590 2335 598 2368 ‚
614 2289 660 2352 nel
682 2289 836 2352 reddendis
850 2291 1018 2352 ratiociniis
1039 2290 1086 2350 ite

111 2379 245 2452 obnoxii,
261 2386 296 2440 nt
309 2395 347 2440 ec
358 2377 528 2460 hujusmodi
541 2379 705 2453 caesisve!
717 2379 849 2442 molestia
863 2379 980 2459 eirjum
995 2377 1086 2440 illota

111 2471 160 2543 nt,
177 2468 224 2530 ecl
239 2467 401 2529 timendum
415 2475 458 2529 est
480 2487 516 2528 ne
536 2468 696 2549 inseratur.
724 2465 814 2529 Irrita
828 2475 934 2528 tamen
950 2485 1014 2527 non
1034 2483 1085 2526 es·

111 2566 157 2619 set
170 2555 323 2640 professio
338 2556 370 2616 in
384 2573 471 2631 casu,
484 2555 575 2638 juxta
591 2555 722 2619 Constit.
738 2553 771 2616 ln
786 2574 922 2634 suprema
936 2553 1082 2616 Clemen-

111 2648 151 2708 tis
164 2643 250 2721 lllll;
263 2662 321 2706 nec
336 2644 489 2707 moniales
501 2645 533 2706 in
544 2645 606 2706 hac
620 2642 835 2725 prohibitione
847 2642 1084 2723 comprehensae

111 2733 271 2807 videntur,
284 2732 371 2812 J'uxta
388 2731 419 2794 S.
435 2732 629 2814 Liguorium,
647 2730 703 2793 lib.
720 2736 751 2806 l,
772 2740 808 2790 n⁰
827 2734 878 2805 ll,
894 2733 950 2811 qui
965 2727 1085 2792 ibidem

111 2821 220 2904 plures
233 2837 324 2882 casus
338 2820 463 2902 exeipit.

150 2909 402 2972 Controvertitur
416 2917 521 2972 autem
535 2928 574 2973 an
591 2908 623 2971 in
637 2906 1086 2988 congregationesimplieium

112 3007 258 3064 votorum
274 2997 396 3060 admitti
420 2999 540 3079 possint
554 3017 614 3062 aere
637 2997 741 3060 alieno
760 2995 898 3077 gravati,
916 3003 1086 3076 antequam

111 3105 168 3150 sua
190 3086 298 3149 debita
321 3087 482 3149 solverint.
504 3085 702 3149 Probabilius
726 3084 823 3148 habet
848 3082 879 3147 S.
905 3082 1085 3162 Lignorius‚

111 3177 220 3239 adesse
234 3181 311 3238 tunc
324 3175 549 3254 obligationem
564 3176 597 3238 in
614 3175 729 3238 seculo
744 3173 942 3246 remanendi,
958 3169 1087 3252 quando

112 3265 157 3327 sic
171 3263 279 3327 debita
298 3265 378 3326 intra
402 3264 565 3326 biennium
587 3271 642 3326 aut
665 3263 837 3325 triennium
853 3260 931 3324 solvi
946 3267 1085 3342 possent.

152 3357 187 3416 8⁰
207 3352 254 3414 Ex
269 3350 379 3414 eadem
403 3351 508 3414 Const.
526 3349 660 3426 Simili,
680 3349 866 3413 admittendi
882 3365 946 3411 nen
963 3359 1037 3411 sunt
1053 3350 1086 3411 in

114 3441 299 3522 religionem
316 3441 374 3502 viri
394 3441 530 3502 accusati
556 3440 605 3503 vel
622 3439 762 3521 inquisiti
778 3455 886 3500 coram
906 3437 1016 3501 ludica
1038 3440 1083 3500 ei⁴

113 3529 182 3604 vili,
196 3529 237 3592 de
253 3531 341 3610 gravi
357 3528 488 3602 scelere,
506 3537 584 3611 puta
601 3528 641 3590 de
654 3527 839 3602 homicidio,
857 3526 940 3590 lurto
955 3535 986 3589 et
1000 3528 1085 3590 simi·

114 3617 211 3682 libus.
227 3617 273 3680 Ex
289 3617 395 3681 Const.
413 3628 529 3693 tamen,
546 3617 583 3680 In
595 3634 732 3698 supreme
745 3615 914 3679 Clementis
926 3615 1010 3691 vlit,
1027 3615 1084 3677 ad-

114 3707 224 3770 missio
236 3707 270 3769 in
283 3726 356 3770 casu
371 3725 434 3770 non
450 3708 530 3770 toret
544 3705 644 3769 nulla.

152 3801 189 3858 9⁰
209 3795 286 3858 ltcm
304 3796 466 3862 religionis
479 3796 656 3858 ineressum
671 3793 849 3860 impediunt
869 3801 938 3856 tum
952 3791 1084 3854 infirmi·
