2552 4204
187 299 249 358 692
470 314 623 358 nisurum
644 313 727 359 rums
748 313 896 358 nexorum.
992 299 994 304 “

190 411 260 474 item
283 413 400 476 clericis
422 414 475 496 qui
496 419 601 476 eontra
615 421 801 494 praeceptum
824 432 944 476 comem
968 415 1125 493 nutriunt,
1140 423 1172 480 et

187 499 233 562 sic
246 501 284 561 de
298 502 373 564 aliis.

228 591 262 650 lo
276 589 370 652 dubio
384 597 486 653 autem
509 591 547 652 de
561 591 703 671 gravitate
721 591 853 652 materiae
867 591 999 672 possidet
1019 593 1173 674 Superio-

190 675 230 738 ris
244 686 374 758 potestas
382 699 392 754 ;
408 679 461 742 sed
478 679 592 740 Praelati
608 677 712 740 seduld
733 697 838 740 cavere
852 679 964 741 debent
978 699 1016 740 ne
1031 682 1172 745 subditos

185 769 325 829 censuris
339 775 462 848 gravent
475 769 515 830 ob
530 767 669 828 materias
684 769 817 828 nontam
834 787 957 847 graves,
974 769 1100 848 quando
1112 771 1172 833 sibi

190 873 250 916 non
265 863 381 918 constat
393 857 458 918 illas
469 857 553 918 valde
568 856 739 918 conducere
749 855 787 916 ad
802 856 917 918 bonum
929 857 1033 918 linem.
1050 859 1169 922 Bened.

188 945 254 1004 XIV
270 945 327 1025 (ne
347 945 435 1028 Syn„
461 946 511 1006 lib.
532 949 581 1019 lo,
604 964 670 1025 cap.
689 949 717 1018 l,
735 953 769 1004 n⁰
791 947 831 1015 3),
852 948 903 1026 qui
928 946 999 1007 dicit
1022 965 1171 1012 censuras

188 1049 249 1092 non
271 1033 341 1095 serri
362 1035 546 1114 prudenter,
562 1035 617 1095 elsi
632 1034 671 1095 ob
687 1033 809 1113 culpam
830 1033 991 1112 lethalem,
1012 1035 1038 1097 si
1052 1055 1117 1098 non
1131 1038 1172 1099 sit

184 1138 222 1181 ex
239 1124 435 1200 gravioribus.
963 1145 966 1149 ’

227 1213 325 1279 Quaeri
342 1219 440 1291 potest
461 1231 499 1274 an
515 1231 551 1274 eo
565 1213 630 1292 ipso
645 1212 726 1290 qnod
746 1219 931 1292 praeceptum
952 1212 1004 1273 frat
1019 1213 1077 1274 sub
1090 1233 1168 1277 cen·

184 1301 273 1375 surb,
299 1301 412 1382 obliget
430 1301 486 1362 sub
510 1301 611 1380 gravi?
630 1301 760 1372 Quaestio
781 1301 944 1363 instituitur
965 1303 1085 1363 tantum
1111 1323 1169 1384 pro

183 1405 256 1448 casu
272 1409 334 1468 quo
347 1409 396 1451 res
410 1396 558 1471 praecepla
572 1409 634 1450 non
648 1397 691 1450 est
705 1389 743 1450 de
762 1407 809 1466 se,
823 1409 881 1451 nec
894 1391 975 1452 certe
994 1391 1093 1470 gravis
1110 1411 1170 1456 nec

185 1477 265 1538 certe
287 1477 374 1553 levis,
392 1478 445 1541 sed
469 1479 535 1540 talis
557 1484 651 1540 estut
671 1478 802 1540 multllm
824 1478 993 1541 conducere
1007 1479 1105 1542 valeat
1128 1482 1168 1545 ad

185 1563 279 1628 linem
301 1567 470 1646 intentum,
488 1569 539 1649 qui
563 1567 661 1647 gravis
675 1576 730 1630 est.
747 1601 785 1614 -
800 1567 1009 1648 Respondetur
1030 1569 1167 1632 affirma-

183 1653 256 1729 tire,
271 1656 296 1716 si
317 1675 444 1718 censura
458 1657 554 1736 gravis
566 1665 605 1718 sit
616 1657 683 1718 latae
702 1657 878 1732 sentcntiae;
899 1656 923 1717 si
946 1657 1017 1718 verd
1033 1675 1166 1722 censura

182 1741 219 1802 sil
235 1743 366 1807 lerendae
380 1746 552 1819 sententiae‚
575 1753 605 1806 et
625 1745 748 1806 materia
767 1745 908 1826 preecepti
929 1745 967 1806 de
988 1763 1021 1806 se
1046 1749 1167 1810 nonsit

180 1835 291 1912 gravis,
306 1842 391 1913 tunc,
407 1835 431 1896 si
446 1835 484 1896 ad
496 1834 711 1897 incurrendam
727 1851 886 1896 censuram
908 1833 1080 1914 requiratur
1094 1855 1165 1900 mo·

184 1920 271 1998 nitio,
288 1929 320 1984 ut
333 1922 449 1986 dicetur
463 1923 559 2001 infre,
576 1930 761 2004 praeceptum
783 1941 846 1985 non
860 1921 971 2003 obligat
985 1923 1042 1985 sub
1055 1927 1162 2004 gravi,

183 2008 238 2070 nisi
252 2019 319 2091 post
332 2013 545 2086 monitionem3
563 2011 615 2072 sed
630 2013 775 2092 obligaret
789 2011 879 2072 etiam
897 2012 953 2074 sub
968 2012 1067 2091 gravi,
1083 2013 1110 2076 si
1123 2017 1163 2078 ad

180 2096 394 2160 incurrendam
404 2119 565 2162 censuram
580 2101 707 2161 monitio
722 2119 784 2162 non
797 2107 875 2162 esset
893 2102 1054 2178 requisita,
1068 2113 1163 2183 prout

177 2187 288 2247 accidit
307 2189 429 2268 quando
448 2189 530 2250 adest
550 2189 708 2250 clausula:
729 2189 807 2269 padd
826 2188 890 2250 sind
907 2188 974 2250 utto
997 2191 1162 2256 monitroae

180 2273 250 2334 talis
263 2295 382 2336 censura
393 2278 515 2358 possitd
533 2278 663 2340 Proeloto
676 2278 839 2359 applicari.

217 2364 334 2426 Dicitur
352 2369 383 2428 3⁰
392 2375 544 2448 peccatum
560 2376 714 2429 arternum
731 2386 737 2426 :
753 2367 823 2448 qnia
843 2367 980 2429 Ecclesia
998 2385 1062 2428 non
1074 2370 1158 2447 judi-

175 2455 226 2513 cat
244 2453 282 2514 dc
296 2455 423 2516 internis
438 2455 517 2536 (cap,
537 2460 587 2533 20,
606 2455 792 2520 Consulm'sti
801 2503 808 2532 ‚
825 2475 914 2518 causa
932 2462 963 2531 2,
985 2476 1015 2537 q.
1032 2462 1051 2520 5
1061 2477 1070 2534 ;
1085 2477 1154 2541 cap.

178 2539 241 2601 Tua
255 2561 307 2604 nos
319 2548 368 2620 3l,
381 2543 426 2606 De
436 2545 588 2620 simonid);
603 2546 665 2606 imo
679 2552 836 2624 peccatum
846 2545 935 2606 debet
946 2563 1011 2606 esse
1025 2549 1156 2611 mortale

176 2631 275 2708 quoad
291 2632 486 2694 substantiam
502 2633 601 2712 operis
621 2634 737 2694 externi
754 2653 761 2693 :
778 2633 850 2694 hinc
863 2635 1035 2713 percutiens
1050 2635 1156 2698 leviter

173 2717 320 2781 clericum
333 2722 677 2783 excommunicationem
694 2741 753 2783 non
774 2722 915 2797 incurrit,
931 2723 984 2783 etsi
1005 2724 1152 2788 intentio-

175 2825 246 2868 nem
259 2811 416 2871 mortalem
431 2810 583 2872 habuisset
591 2831 600 2886 ;
617 2811 687 2872 item
702 2811 726 2871 si
739 2811 808 2891 quis
820 2819 989 2890 percuteret
1000 2830 1151 2889 mensam,

175 2903 224 2956 aut
238 2897 350 2960 diceret
367 2919 374 2960 :
390 2899 441 2960 Itc
454 2909 512 2975 est,
529 2900 690 2961 intendens
705 2899 842 2960 haeresim
863 2901 1011 2962 internam
1030 2903 1151 2964 cunllr-

173 2998 271 3062 urere,
287 3008 349 3049 non
364 2989 531 3050 incurreret
551 3007 728 3066 censuram,
745 2990 816 3068 quia
831 2989 898 3050 talis
912 2997 996 3050 actus
1010 2999 1063 3051 aut
1081 3011 1149 3054 ver·

172 3071 244 3135 bum
266 3095 327 3136 non
341 3085 387 3138 est
401 3077 439 3137 de
453 3095 484 3137 se
501 3084 605 3157 aptum
619 3077 656 3136 ad
671 3077 809 3138 haeresim
826 3077 1073 3156 significandam,
1088 3087 1146 3144 etc.
1161 3143 1163 3148 ,

171 3163 283 3244 Excipe
298 3173 399 3226 tameo
413 3183 500 3227 casus
515 3167 546 3226 in
560 3165 669 3245 quibus
681 3173 765 3227 actus
779 3166 903 3227 interior
916 3177 1084 3247 praeceptus
1096 3179 1150 3232 aut

170 3252 297 3328 vetitus,
323 3255 492 3315 necessario
513 3272 584 3316 cum
605 3255 752 3314 exteriore
772 3255 991 3334 conjungitur:
1009 3264 1099 3335 prout
1120 3261 1146 3321 si

166 3356 296 3400 censura
316 3340 492 3405 fulminetur
505 3350 608 3404 contra
623 3342 752 3403 scienter
773 3344 1042 3421 transgredientes,
1059 3345 1107 3407 rel
1120 3349 1145 3408 si

167 3436 274 3506 agatur
288 3431 325 3492 de
340 3431 468 3493 simonia
480 3451 549 3513 quae
561 3431 687 3512 impellit
699 3429 738 3492 ad
752 3431 941 3512 largitionem
953 3435 1094 3512 pecuniae
1107 3435 1145 3498 ad

166 3519 371 3597 comparanda
385 3521 560 3602 spiritualia.

143 3623 147 3633 ·
205 3607 321 3669 Dicitur
334 3613 366 3671 4⁰
380 3618 628 3672 consummatum:
644 3608 724 3670 unde
736 3627 896 3670 censuram
911 3629 972 3672 non
984 3610 1144 3676 incurrunt

167 3695 329 3775 mandans,
350 3699 528 3773 consulens,
553 3699 652 3760 ferens
675 3698 870 3778 suffragium,
896 3699 921 3760 si
945 3702 1141 3781 mandatum,

164 3786 325 3848 consilium
338 3795 390 3850 aut
404 3786 580 3867 suffragium
594 3785 753 3848 efficaciter
768 3803 829 3846 non
840 3785 946 3848 inlluat
960 3788 990 3847 in
1006 3807 1140 3853 crimen:
