2604 4196
235 287 293 346 52ss
510 298 663 342 Ettrtntt't't
683 296 766 344 JUlllS
787 295 938 340 cttttttttct.

235 399 273 460 ab
289 399 421 462 Ecclesia
442 397 652 479 praescriptas,
674 416 727 458 scu
745 397 775 456 iu
791 394 925 455 Ecclesia
939 393 1115 456 solenmitcr
1129 396 1215 458 reci·

235 494 368 562 tatas-
385 488 506 549 Tinctus
515 487 665 567 significat
680 485 917 564 assumptionem
933 502 987 544 seu
1005 484 1218 566 aspersionem

236 594 323 656 aquae
337 575 505 638 benedicte
522 592 529 636 :
546 575 621 650 huc,
635 574 789 638 reducitur
805 574 906 634 unctio
920 590 1027 652 regum
1042 580 1072 636 et
1086 574 1216 652 similia,

237 663 326 726 ctiam
343 663 496 728 impositio
512 664 662 726 cinerum.

278 755 303 813 A
318 752 491 834 primordiis
506 753 647 814 Ecclesiae
658 770 737 833 aqua
748 749 906 813 benedicta
922 749 978 812 luit
988 749 1018 811 in
1031 769 1099 814 usu.
1112 753 1216 834 Ipsius

238 838 1215 920 offectusdescrilmnturincanonedquam,DeGonsccr.,dist.3.

244 986 250 992 .
279 930 380 992 Edens
400 929 550 1011 significat
570 947 678 1009 panem
698 929 910 1004 benedictum,
933 929 986 1008 qui
1010 929 1127 991 solebat
1150 930 1218 992 dari

239 1020 465 1080 catechumenis
476 1019 541 1080 loco
555 1017 770 1092 Eucharistiae,
786 1025 837 1079 aut
851 1017 942 1078 etiam
957 1016 1110 1097 baptizatis
1122 1018 1153 1079 in
1167 1020 1219 1082 die

242 1107 413 1182 Pambotis,
429 1114 457 1168 et
477 1107 528 1187 qui
550 1125 650 1180 nunc,
670 1105 702 1167 in
723 1105 905 1187 quibusdam
926 1105 1088 1184 Ecclesiis,
1107 1107 1219 1171 diebus

243 1195 406 1256 Dominicis
421 1196 499 1256 inter
514 1195 675 1257 missarum
690 1194 837 1256 solemnia
852 1193 915 1255 dari
927 1194 1013 1256 solet.
1031 1195 1219 1275 Aprioribus

241 1283 311 1343 item
324 1284 442 1344 saeculis
455 1283 541 1363 panis
556 1283 735 1345 benedictus
749 1301 801 1344 scu
818 1283 937 1362 eulogia
948 1283 1099 1363 originem
1114 1285 1216 1364 ducit,

243 1371 399 1452 nempeab
410 1391 528 1453 upupam
541 1371 578 1431 de
588 1389 624 1433 eo
634 1373 678 1433 sic
688 1371 820 1452 loquitur
830 1373 861 1433 S.
875 1372 1061 1450 Augustinus
1071 1373 1101 1433 iu
1110 1375 1212 1456 Epist.

242 1459 281 1520 ud
289 1461 323 1521 S.
344 1461 507 1522 Paulinum
523 1461 596 1522 Nol.
617 1480 624 1522 :
643 1459 813 1531 «Quamvis
826 1479 886 1521 nou
905 1462 944 1521 sit
958 1480 1068 1542 corpus
1087 1463 1212 1542 Christi,

248 1571 260 1601 n
282 1555 420 1610 sanctum
441 1557 621 1621 esttamen,
642 1555 671 1610 et
690 1549 824 1610 sanctius
838 1551 930 1629 qutun
945 1549 1003 1610 cibi
1025 1550 1137 1631 quibus
1161 1553 1212 1614 ali·

247 1659 260 1692 n
282 1654 362 1714 mur,
373 1639 517 1718 quoniam
529 1639 758 1699 Sacramentum
773 1644 817 1698 est
831 1657 883 1696 mn
895 1636 923 1697 id
935 1637 1098 1718 est,inquit
1108 1641 1213 1717 Collet,

248 1750 260 1781 u
282 1726 396 1806 aliquid
410 1727 461 1808 pio
476 1726 533 1788 ritu
548 1734 759 1788 consecratum
774 1733 803 1787 et
813 1725 985 1788 ordinatum
1002 1726 1040 1789 ad
1055 1726 1216 1794 lorendam

248 1838 261 1871 u
283 1815 360 1876 inter
371 1815 487 1877 diversa
499 1815 606 1877 Christi
621 1815 759 1876 membra
772 1813 946 1876 charitatem
963 1837 993 1878 u.

285 1904 436 1984 Confessus
451 1905 600 1984 siguificat
615 1903 840 1965 Confessionem
856 1904 1027 1984 generalem
1048 1925 1115 1987 quae
1136 1927 1217 1989 prae·

244 1991 371 2053 mittitur
384 1994 500 2066 Missae,
516 2000 567 2053 aut
578 1991 611 2052 lit
625 1994 655 2052 in
670 1993 770 2053 Prima
780 1999 810 2054 et
820 1993 1033 2073 completorio.

283 2081 364 2140 Dans
376 2080 523 2163 significat
533 2082 758 2163 eleemosynam
769 2080 806 2141 alt
816 2083 948 2144 Ecclesia
961 2083 1129 2165 specialiter
1141 2105 1218 2168 prae·

244 2172 398 2248 scriptam.

284 2257 474 2332 Benedicens,
498 2259 745 2338 Benedictionem
770 2261 990 2342 Episcoporum
1012 2268 1042 2325 et
1066 2264 1216 2328 Abbatum

244 2347 397 2427 designat3
410 2348 471 2409 imo
483 2348 671 2409 sacerdotum
684 2349 715 2409 in
727 2349 788 2412 tine
798 2351 910 2428 Missae,
921 2350 967 2414 vel
976 2353 1216 2435 communionis,

245 2437 289 2497 rel
305 2437 430 2498 aliarum
444 2436 635 2500 functionum
648 2439 927 2503 ecclesiasticarum.

283 2530 352 2589 700.
376 2527 499 2598 Quaerit.
517 2531 550 2588 l⁰
564 2529 694 2599 Quinam
710 2530 769 2589 sint
789 2530 912 2592 etl'ectus
930 2533 1215 2601 sacramentalium?

248 2621 251 2630 '
284 2617 372 2696 Resp.
388 2619 521 2686 Quatuor
535 2617 705 2698 praecipuos
729 2637 793 2679 esse
812 2638 918 2680 eorum
932 2619 1057 2682 effectus
1074 2640 1082 2684 ι
1102 2627 1130 2684 10
1144 2626 1215 2689 Cau·

243 2703 524 2765 sureremissioncm
534 2713 725 2785 peccatorum
738 2709 914 2784 venialium,
926 2712 997 2772 utS.
1008 2709 1115 2773 Thom.
1127 2713 1215 2778 docet

243 2799 270 2867 tt
286 2811 363 2874 pars,
379 2811 410 2874 q.
427 2795 485 2866 37,
507 2801 561 2854 art.
579 2793 626 2875 3);
645 2799 676 2855 2⁰
692 2814 745 2874 per
760 2796 823 2878 ipsa
836 2799 939 2878 gratiae
955 2801 1172 2880 praevenientes
1186 2813 1215 2868 ct

243 2883 282 2963 pii
300 2888 399 2944 motus
413 2883 630 2960 oonl'eruntur;
648 2889 678 2945 30
695 2894 859 2966 operantur
870 2886 1016 2950 ltenefrcia
1030 2893 1211 2970 corporalia,

243 2992 269 3032 r.
292 2994 321 3052 g.
342 2973 518 3049 sanitateru3
544 2979 577 3033 40
593 2973 733 3054 quaedam
752 2992 856 3038 eorum
877 2976 937 3039 vim
955 2977 1068 3040 hubent
1089 2980 1211 3062 lugendi

241 3061 408 3136 daemoues,
425 3069 457 3123 ut
470 3063 641 3140 exorcismi.

279 3154 348 3212 701.
373 3152 494 3222 Quaerit.
511 3154 543 3212 2⁰
558 3153 604 3210 An
619 3149 792 3232 hujusmodi
808 3153 932 3218 effectus
952 3157 1160 3236 producantur
1174 3181 1208 3227 ex

239 3257 329 3320 opere
344 3247 485 3320 operato,
504 3259 541 3310 an
552 3239 698 3301 duntaxat
711 3260 748 3302 ex
761 3261 852 3323 opere
865 3248 1038 3326 operantis?

251 3338 256 3344 ·
279 3329 367 3408 Resp.
379 3331 410 3388 l⁰
425 3328 488 3389 Dici
504 3347 590 3410 posse
598 3330 736 3409 quaedam
745 3334 970 3396 sacramentalia
981 3337 1208 3420 vimquarudam

239 3416 392 3478 trabereex
405 3435 495 3498 opere
506 3425 630 3498 operato
646 3420 769 3500 lugendi
790 3422 1205 3507 daemoneszEcclesiaenim

235 3514 358 3596 propter
372 3512 525 3588 acceptam
539 3507 682 3571 adhristo
692 3529 782 3591 supra
793 3511 967 3575 immundos
977 3517 1101 3597 spiritus
1113 3528 1207 3600 potes-

242 3603 343 3669 atem,
369 3594 448 3657 hanc
475 3596 534 3656 vim
561 3597 715 3660 daemones
740 3599 863 3680 fugandi
887 3604 976 3665 certis
995 3607 1136 3686 precihus
1157 3617 1206 3672 aut

236 3685 426 3746 caeremoniis
442 3685 564 3766 alligare
584 3695 690 3766 potest.
707 3693 773 3751 Non
789 3699 889 3752 tamen
905 3695 1031 3756 onnrino
1046 3695 1204 3761 infallibilis

236 3791 302 3834 esse
314 3773 432 3836 videtur
443 3775 591 3854 ejusmodi
607 3777 747 3857 ellectus,
761 3787 812 3842 aut
825 3799 945 3860 semper
965 3785 1144 3866 completus.
