2604 4196
192 317 251 374 511
464 327 614 370 alarinum
635 325 717 369 runis
740 324 885 370 crinorum.

195 425 333 486 Ecclesiae
348 424 455 486 saltem
469 425 610 498 congruit
625 429 658 484 ul
672 429 774 503 postea
788 422 999 502 suppleantur,
1015 426 1090 486 cbm
1101 422 1169 483 ided

195 513 382 592 privilegium
403 513 580 576 conceditur
594 517 629 574 ut
647 512 739 572 missa
754 511 919 590 exequialis
936 510 1044 575 diebus
1061 511 1168 574 subse·

194 601 357 682 quentibus
372 601 538 662 celebretur
553 601 584 662 in
598 599 777 679 Duplicibus
792 599 969 680 majoribus.

235 699 264 760 Si
275 705 376 761 autem
390 699 480 760 missa
490 699 655 780 exequialis
670 705 699 758 et
710 696 842 759 officium
854 697 1065 768 detunctorum
1081 700 1170 762 dille-

196 795 316 864 rantur,
340 788 405 850 aliae
425 795 525 850 tamen
555 805 659 868 preces
679 793 708 848 et
730 785 872 866 suffragia
894 805 955 847 non
978 795 1048 850 sunt
1072 791 1167 852 omit-

196 876 305 951 tenda,
335 895 432 957 neque
458 877 547 936 etiam
574 875 754 949 differenda;
785 875 808 935 si
833 874 1102 956 tameuquaedam
1131 897 1168 940 ex

196 965 416 1027 consuetudine
435 965 569 1046 legitima
588 964 685 1026 omitti
710 964 845 1039 soleant,
868 964 969 1024 omnia
988 967 1084 1027 omitti
1105 987 1167 1028 non

195 1053 307 1116 debent
318 1075 327 1128 ;
350 1073 461 1132 corpus
487 1055 580 1132 igitur
598 1052 692 1114 solitis
716 1052 905 1114 caeremoniis
924 1060 952 1112 et
971 1054 1112 1132 precibus
1131 1057 1167 1118 ad

196 1143 353 1203 ecclesiam
376 1141 574 1204 deferendum
599 1149 661 1215 est,
685 1159 784 1221 eoquo
808 1141 839 1202 in
861 1141 988 1202 ecclesia
1010 1141 1165 1222 deposito,

196 1230 342 1291 'absolutio
357 1237 402 1291 est
417 1229 567 1306 iacienda,
583 1248 619 1291 ac
632 1230 741 1291 deinde
754 1235 901 1292 consueto
918 1231 1009 1291 modo
1023 1231 1168 1312 sepelien-

195 1319 268 1380 dum
285 1326 339 1380 est.
799 1357 800 1360 =

234 1418 268 1476 ln
290 1434 360 1477 casu
383 1415 573 1492 contagionis
588 1416 633 1476 vel
656 1416 742 1476 nimii
760 1415 881 1490 fetoris,
903 1435 1031 1497 corpora
1048 1419 1167 1498 sepeliri

197 1504 321 1584 possunt
335 1504 410 1585 quin
425 1504 535 1584 praevie
549 1504 586 1564 ad
601 1504 759 1566 ecelesiam
773 1503 958 1566 deterantur.

237 1605 288 1664 l0⁰
309 1601 416 1664 Preces
430 1602 603 1682 exequiales
617 1602 681 1663 lieri
698 1620 752 1682 pro
768 1601 905 1682 pluribus
916 1604 1092 1684 regulariter
1105 1625 1167 1670 non

196 1692 282 1753 decet
298 1711 305 1752 :
322 1691 345 1752 si
361 1699 461 1752 tamen
485 1698 564 1752 esset
585 1691 762 1765 necessitas,
781 1698 813 1752 ut
834 1696 970 1772 tempore
986 1693 1078 1772 betti,
1099 1697 1167 1778 epi-

194 1781 323 1854 demiae,
340 1779 422 1841 nulla
437 1781 467 1840 iu
483 1778 541 1841 hoc
555 1789 631 1842 esset
646 1779 815 1841 difficultas.

235 1891 304 1950 713.
329 1921 366 1935 -
390 1892 442 1949 11ο
460 1889 544 1949 Circa
559 1889 752 1968 parvulorum
770 1889 928 1966 exequias,
944 1889 1166 1954 observandum

193 1983 240 2038 est
253 1976 419 2037 illasdividi
434 1978 537 2036 intres
551 1977 679 2036 classes:
693 1994 803 2056 nempe
814 1981 844 2036 t·
858 1994 919 2039 non
932 1975 1164 2058 baptizatorum;

195 2071 225 2125 Ψ
241 2073 310 2126 ante
324 2083 413 2125 usum
428 2064 551 2124 rationis
565 2063 777 2138 decessorum;
793 2066 824 2124 3·
839 2071 906 2144 post
921 2065 1061 2147 adeptum
1076 2087 1167 2132 usum

195 2153 319 2216 rationis
333 2152 557 2215 defunctorum.

235 2263 266 2320 1ο
287 2259 404 2321 Parvuli
428 2277 486 2319 ooo
511 2258 658 2340 baptizati
682 2277 752 2319 curn
772 2260 912 2338 precibus
932 2263 1076 2326 acclesiae
1102 2285 1165 2328 non

194 2355 265 2412 sunt
287 2347 470 2428 sepeliendi,
490 2366 547 2409 nec
571 2347 601 2407 in
623 2347 690 2410 loco
709 2347 895 2410 benedicto:
921 2359 1043 2431 propter
1063 2359 1165 2418 tam‘en

195 2439 334 2500 humanae
350 2443 464 2498 naturae
478 2435 668 2515 dignitatem,
683 2455 744 2496 non
760 2435 871 2498 debent
886 2457 1008 2501 manere
1024 2443 1166 2524 insepulti

195 2545 278 2588 more
297 2525 487 2600 belluarum,
508 2524 561 2584 sed
583 2525 614 2584 in
636 2525 701 2586 loco
722 2523 865 2601 honesto,
882 2528 898 2588 a
918 2527 982 2588 loco
1002 2533 1165 2610 sepulturae

193 2615 328 2677 bdelium
343 2613 500 2688 distincto,
524 2612 707 2674 recondendi
728 2619 814 2688 sunt;
833 2617 933 2677 nultus
947 2617 1076 2680 clericus
1090 2629 1161 2702 pro'-

194 2704 270 2766 tanae
282 2703 322 2763 illi
334 2702 496 2784 sepulturae
511 2701 655 2762 interesse
667 2701 766 2764 debet.

232 2816 265 2873 2⁰
279 2809 383 2883 Quoad
397 2809 519 2872 decessor
533 2817 598 2869 onte
608 2828 690 2870 usum
698 2809 836 2886 rationis,
849 2811 922 2874 tales
934 2823 1097 2876 censentur
1110 2821 1163 2900 qui

193 2901 329 2963 nondum
356 2901 518 2981 septimum
542 2917 657 2960 anuum
686 2901 933 2979 compleverunt,
965 2902 1020 2962 nisi
1051 2907 1163 2970 malitia

191 2989 372 3070 suppleverit
387 2996 526 3062 aetatem,
543 2986 625 3067 quod
643 2987 813 3067 prudentiae
831 2990 1031 3071 parochorum
1048 2994 1163 3072 dijudi-

190 3077 322 3140 candum
353 3076 545 3157 relinquitur.
578 3075 694 3136 Parvuli
722 3095 794 3157 ergo
822 3087 891 3140 ante
921 3099 1010 3142 usum
1039 3085 1162 3148 rationis

190 3165 335 3240 (lelandi,
347 3165 514 3228 induuntur
521 3165 604 3246 juxta
614 3172 743 3239 aetatem,
756 3166 859 3248 eisque
874 3169 1038 3249 imponitur
1048 3192 1162 3237 corona

190 3254 228 3316 de
245 3253 368 3315 tloribns
388 3260 441 3316 aut
460 3253 562 3315 herbis
579 3253 750 3316 aromaticis
771 3256 802 3316 in
823 3257 943 3338 signum
962 3261 1159 3341 virginitatis;

191 3343 327 3423 specialis
349 3343 433 3404 locus
447 3343 479 3403 in
500 3343 679 3405 caemeteriis
707 3343 779 3425 ipsis
799 3349 988 3422 assignatum
1003 3370 1160 3432 carnpanae

108 3479 110 3484 .
192 3433 364 3509 pulsantur,
378 3451 439 3494 non
451 3449 526 3494 sono
541 3431 682 3512 lugubri,
698 3433 750 3494 sed
765 3436 985 3517 potibstestivo.

230 3540 296 3599 Non
317 3543 362 3598 est
380 3537 522 3618 obligatio
547 3537 577 3599 in
599 3539 747 3616 ejusmodi
771 3543 906 3624 exequiis
931 3546 1052 3606 missam
1075 3547 1159 3612 cele-

190 3625 295 3688 brandi
318 3647 325 3687 r
348 3626 536 3688 laudabiliter
563 3634 665 3688 tamen
686 3628 716 3689 id
741 3629 805 3712 lieri
823 3641 918 3711 potest
941 3634 969 3692 in
992 3639 1156 3714 gratiarum

189 3714 337 3776 actionem
348 3721 376 3777 et
390 3715 510 3778 taudem
524 3714 632 3777 divinae
647 3716 870 3793 misericordia,
881 3723 1054 3803 similesque
1065 3726 1156 3789 lines:

189 3809 216 3863 et
233 3811 305 3861 tnnc
319 3804 444 3863 dicenda
457 3813 499 3862 est
513 3805 555 3859 rot
572 3805 609 3860 de
623 3805 682 3865 die.
699 3807 756 3868 vel.
773 3807 796 3866 si
812 3809 928 3869 rubrica
945 3816 1106 3890 perannat,
1117 3815 1156 3878 de
