2590 4208
497 258 581 304 tinec
602 258 734 304 scurrus.
1062 249 1103 305 43

131 367 274 434 cundum
300 367 423 432 Ordinis
437 369 694 444 constitutiones,
710 369 774 429 sive
788 367 916 440 directe,
942 369 1005 432 sive
1021 369 1104 434 indi-

132 465 217 522 recte
236 465 264 518 et
287 457 456 537 implicite,
479 458 526 520 uti
545 457 585 520 ad
604 475 713 538 poenas
732 465 841 518 contro
866 466 1108 537 transgressores

133 545 329 628 regularum,
346 545 396 608 vel
412 545 451 608 ad
467 553 604 622 statuta,
620 563 690 627 quae
709 561 767 628 pro
781 543 866 606 bono
881 545 1043 624 religionis
1058 546 1105 610 le·

135 635 246 714 gitimc
259 639 363 695 essent
378 634 504 698 condita
519 655 536 697 a
556 633 696 716 capitulo
711 633 861 712 generali,
879 643 961 696 aute
977 633 1108 698 Summo

137 722 301 793 Pontifice,
318 723 343 783 si
354 741 469 805 nempe
481 725 701 806 praeciperetur
713 719 858 784 clausura
875 721 922 783 vel
938 724 1009 785 ritae
1023 742 1107 788 eom·

138 808 1107 893 munisrestauratio,casuquoindesuetudinemabiissetetc.
1203 837 1206 844 ’

180 895 217 959 Vi
231 905 335 960 tamen
351 899 537 962 obedientiae
552 900 630 974 voti,
647 898 811 978 religiosus
825 917 882 960 nec
897 899 1053 981 superiori
1069 899 1109 960 il-

140 985 270 1066 getimo,
285 1005 343 1049 nee
358 989 389 1048 in
410 988 455 1050 eis
477 1007 548 1070 quoe
563 1007 581 1050 a
599 989 663 1051 vita
679 987 824 1066 religiosa
846 987 1044 1061 alienasunt,
1063 986 1111 1049 vol

141 1083 217 1138 sunt
231 1085 340 1137 contra
355 1076 379 1150 ¹,
396 1096 503 1158 supra,
521 1076 569 1139 rel
583 1085 670 1140 extra
685 1075 809 1156 regulas
817 1087 848 1136 et
859 1074 980 1137 ordinis
994 1077 1113 1138 consti-

141 1163 279 1227 tutiones
294 1173 418 1228 tenetur
438 1165 591 1228 obedire:
614 1165 688 1246 quia
707 1163 833 1227 nonnisi
858 1162 1031 1226 secundum
1047 1182 1110 1232 eas,

142 1251 332 1333 profitenda,
349 1255 494 1334 promisit
505 1253 727 1317 obedientiam.
744 1251 805 1314 Nec
824 1253 917 1314 etiam
934 1260 1058 1314 tenetur
1073 1251 1112 1314 ad

142 1340 352 1421 impossibilia
376 1343 423 1404 rel
445 1343 570 1421 illicita,
594 1360 652 1405 nec
673 1343 712 1404 ad
727 1359 764 1404 ea
777 1359 848 1422 quae
861 1342 997 1420 graviter
1010 1348 1114 1404 essent

142 1429 203 1510 ipsi
216 1427 380 1506 damnosa,
391 1429 451 1492 nisi
460 1439 604 1510 ageretur
615 1430 655 1494 de
665 1430 813 1493 curandis
825 1430 890 1492 suis
901 1427 1112 1492 confratribus

143 1516 299 1597 religiosis
314 1519 409 1580 etiam
428 1518 592 1601 pestiferis.

185 1604 309 1687 Duplici
337 1606 432 1670 modo
448 1617 556 1689 peccat
575 1607 741 1685 religiosus
770 1605 955 1667 inobediens
980 1614 1113 1668 :contra

144 1693 330 1773 religionem
346 1713 473 1776 nempe,
489 1697 610 1758 ratione
624 1694 700 1768 voti,
717 1704 747 1755 et
760 1701 869 1755 contra
881 1696 1030 1756 virtutem
1039 1694 1112 1755 obe·

142 1781 271 1844 dientiae
285 1800 348 1863 qua
363 1791 488 1847 tenetur
507 1801 638 1848 suorum
652 1782 851 1863 superiorum
867 1780 1017 1844 mandata
1039 1800 1112 1844 exe-

143 1869 212 1951 qui,
228 1870 323 1932 etiam
340 1870 458 1953 absque
472 1881 554 1936 voto.
573 1873 618 1935 lta
633 1870 842 1953 probabilius,
850 1871 940 1950 juxta
951 1867 981 1931 S.
999 1869 1115 1948 Ligno·

145 1959 242 2032 rium,
259 1957 315 2020 lib.
332 1959 364 2034 t,
380 1971 415 2021 n⁰
431 1961 480 2024 le.
900 1955 907 1967 ’

186 2046 282 2109 Porro
297 2047 480 2131 hujusmodi
495 2057 622 2133 peccata
637 2056 710 2112 sunt
725 2049 832 2130 gravia
847 2049 894 2110 vel
912 2048 993 2110 levia
1007 2065 1114 2110 secun·

144 2135 222 2196 dum
244 2137 432 2212 materiam,
452 2149 482 2202 et
506 2138 699 2202 voluntatem
716 2138 949 2219 praecipientis,
972 2137 1026 2217 qui
1049 2152 1111 2200 non

145 2232 291 2286 censetur
307 2223 387 2288 velle
411 2225 471 2289 sub
494 2237 638 2309 peccato,
664 2226 837 2307 praesertim
863 2226 1005 2297 mortale,
1029 2224 1115 2288 obli·

145 2329 230 2390 gare,
253 2312 314 2394 nisi
337 2314 497 2395 praecipiat
515 2317 627 2380 virtute
652 2322 762 2378 sancte
783 2315 973 2388 obedientie,
996 2314 1040 2375 oet
1064 2313 1118 2374 sub

143 2416 229 2478 punc
243 2404 566 2478 excommunicationis,
576 2413 634 2468 etc.

187 2486 348 2568 Superior,
364 2492 414 2552 cui
434 2491 598 2572 religiosus
611 2492 739 2557 obedire
755 2499 887 2564 tenetur,
900 2499 946 2554 cst
961 2508 1024 2553 non
1041 2501 1116 2553 tan·

147 2584 216 2638 tum
238 2577 386 2640 Praelatus
400 2581 572 2660 regularis,
598 2580 761 2642 sedetiam
783 2577 933 2640 Summus
949 2577 1116 2652 Pontifex,

148 2665 243 2727 Sacra
256 2666 462 2748 Congregatio
476 2669 690 2750 Regularium,
703 2668 878 2750 Episcopus
893 2669 925 2729 in
942 2667 979 2728 iis
992 2667 1024 2728 in
1039 2667 1114 2748 qui·

147 2753 209 2817 bus
219 2755 429 2837 jurisdictioni
444 2758 584 2840 ejusdem
599 2757 744 2822 subditur
759 2777 767 2820 ι
784 2757 937 2820 moniales
951 2773 1025 2817 vero
1038 2754 1118 2818 obe·

148 2841 215 2906 dire
230 2849 375 2908 tenentur
390 2847 422 2908 in
437 2848 629 2910 conscientia
643 2865 707 2910 sum
732 2845 907 2907 abbatissae.
925 2877 962 2892 -
982 2843 1050 2905 Non
1067 2853 1115 2905 ta·

149 2949 223 2994 men
245 2941 318 2996 voto
340 2934 527 2998 obedientiae
545 2936 710 3015 religiosus
728 2954 760 2997 se
774 2934 942 3011 obstringit
965 2931 1003 2993 ad
1025 2949 1061 2992 ea
1076 2931 1117 2994 ad

150 3039 221 3100 quac
241 3022 315 3104 jam,
333 3033 489 3104 quatenus
510 3024 718 3099 christianus,
741 3024 923 3102 obligatur:
952 3022 1119 3082 nonenim

150 3109 237 3173 rovit
250 3111 377 3175 obedire
391 3113 536 3176 Ecclesiae
545 3113 677 3194 legibus,
690 3111 928 3190 definitionibus
942 3109 1027 3186 fidei,
1044 3119 1114 3179 etc,

150 3199 205 3262 sed
219 3202 511 3284 prescriptionibus
530 3201 684 3264 duntaxat
698 3222 768 3282 qum
781 3202 876 3262 vitam
897 3197 1025 3280 proprie
1044 3198 1119 3262 reli*

150 3289 271 3368 giosam
283 3300 433 3374 spectant.
454 3291 502 3373 (V.
520 3291 671 3367 Manuale,
689 3291 728 3353 no
742 3289 944 3367 areu-aaut.)

190 3379 223 3443 Si
247 3381 442 3459 contingeret
462 3381 589 3444 avariis
615 3380 829 3462 superioribus
849 3378 996 3457 religioso
1018 3379 1118 3460 impe-

150 3471 214 3532 rari
230 3489 300 3552 quae
313 3469 372 3531 sibi
381 3479 598 3551 opponuntur,
610 3470 734 3550 majoris
749 3467 919 3550 superioris
933 3466 1123 3528 mandatum·

151 3557 381 3647 preferendum
396 3567 487 3634 esset,
504 3557 552 3620 rel
568 3557 652 3621 illius
672 3558 710 3620 ad
725 3575 819 3640 quem
836 3557 935 3634 magis
950 3557 1122 3636 pertineret

180 3759 189 3804 l
222 3755 270 3806 Nisi
286 3752 399 3818 superior
410 3757 492 3816 posset
505 3751 654 3815 dispensare.
