2604 4196
110 382 116 410 ι
488 312 752 368 ureartseuunous.
1030 287 1126 370 'tlt‘

103 437 260 503 f‘cussores
280 437 290 478 ε
310 420 396 500 juxta
418 418 574 506 Reiffenst.
599 425 629 480 et
652 420 754 500 plures
777 423 866 494 alios,
892 424 1003 486 suffieit
1026 423 1108 505 qudd

100 555 109 571 t
128 505 389 570 excommunicati
404 506 463 567 sint
479 507 587 568 notorii
600 507 664 584 (lib.
680 511 711 582 3,
724 509 769 571 tit.
787 514 835 585 28,
849 525 884 572 n⁰
899 517 948 590 85)
962 533 969 588 ;
986 515 1109 574 econtra

132 595 218 676 juxta
229 597 261 657 S.
278 595 401 676 Liguor.
419 594 485 675 (lib.
501 600 532 669 7,
549 597 656 676 n⁰87)‚
672 589 835 676 requiritirr
852 607 885 662 ul
897 599 1107 662 exeommuni-

129 687 190 746 cati
200 703 261 746 non
275 685 338 745 sint
353 685 496 761 tolerati,
512 685 639 764 proinde
654 691 686 746 ut
703 685 762 746 sint
776 685 967 765 denuntiati,
987 687 1111 769 quando

133 773 398 835 nonsuntnolorii
407 771 583 834 elericorum
594 793 777 854 percussores
791 793 798 836 :
817 777 986 852 «Tolerati,
999 777 1109 856 inquit,

136 883 152 920 a
172 861 255 924 licite
269 861 456 943 sepeliuntur
465 861 496 922 in
507 861 573 923 loeo
587 881 689 940 sacro,
700 863 724 924 si
733 882 805 925 oum
818 865 913 944 signis
928 863 1112 944 poenitentiae

136 971 152 1009 r
174 951 265 1012 avite
279 951 475 1029 migraverint
485 971 515 1011 a.
529 951 559 1012 si
572 957 675 1012 autem
691 970 752 1012 non
767 952 907 1014 dederint
919 953 1004 1031 signa
1020 951 1113 1031 poeni·

133 1039 256 1114 tentiae,
272 1038 392 1101 excludi
405 1044 533 1118 possunt
548 1040 565 1100 a
584 1039 738 1120 sepultura
752 1041 953 1103 ecclesiastiea
967 1048 1112 1120 tanquam

131 1136 302 1210 peccatores
310 1127 426 1209 publici
435 1128 489 1208 qui
498 1129 562 1190 siue
569 1130 747 1209 poeur'teutid
757 1132 924 1212 perierunt.
1083 1159 1085 1163 ·

175 1221 209 1279 3⁰
228 1214 332 1288 Quoad
346 1216 511 1290 duellistas,
521 1217 564 1278 sie
574 1217 664 1278 habet
677 1219 791 1280 Concil.
807 1218 943 1281 Trident.
958 1216 1044 1298 (sess.
1058 1219 1110 1289 25,

133 1323 205 1386 cap.
233 1306 318 1387 llll:
347 1305 441 1378 «oui
467 1305 538 1367 vero
562 1324 697 1386 pugnam
727 1306 780 1388 (in
806 1307 927 1389 duello)
951 1306 1113 1368 commise-

139 1394 278 1456 «rint...
301 1391 326 1455 si
348 1393 380 1454 in
407 1393 472 1474 ipso
495 1393 638 1471 eontliotu
662 1394 866 1472 decesserint,
891 1395 1038 1478 perpetuo
1069 1411 1114 1454 ea·
1165 1449 1168 1455 .

140 1489 266 1544 areant
288 1482 441 1562 sepultura
461 1503 491 1543 a.
520 1482 612 1542 Addit
637 1489 738 1545 autem
764 1483 887 1546 Bituole
911 1483 1056 1550 Roman..
1081 1489 1112 1542 ut

137 1589 231 1652 supra
239 1571 371 1632 vidimus
384 1591 391 1632 :
408 1571 556 1632 «Etiamsi
572 1577 640 1632 ante
654 1571 773 1633 obitum
783 1573 922 1634 dederint
932 1569 1113 1652 poenitentiae

141 1682 158 1718 ι
178 1660 287 1741 signas
303 1660 377 1726 :eui
390 1667 537 1721 consonat
546 1661 670 1721 Constit.
686 1659 895 1722 detestabilem
907 1659 1019 1720 Bened.
1036 1661 1112 1734 XlV,
1156 1696 1159 1700 -

137 1747 183 1810 sie
195 1747 333 1810 habens:
354 1770 369 1806 a
391 1748 530 1828 quamvis
544 1749 740 1810 sacramentis
756 1748 866 1809 muniti
884 1745 1109 1820 decesserint»,

137 1843 170 1898 et
188 1835 300 1898 deinde
314 1837 415 1898 addit:
430 1835 612 1899 Incurreuda
635 1845 678 1898 est
692 1839 835 1918 perpetud
854 1844 922 1896 onte
942 1833 1114 1896 sententium

136 1925 251 2009 judicis
259 1925 278 1986 d
287 1924 437 1988 decedente
447 1943 561 2006 quoque
572 1933 661 2001 extra
671 1924 763 1986 losum
777 1923 939 2008 conflictata,
950 1943 988 1984 eu
998 1921 1116 1984 uuluae

140 2013 252 2076 ididem
264 2031 433 2096 decepto...‚
449 2013 566 2077 etiamsi
582 2013 753 2074 uulneratus
771 2022 839 2075 ante
858 2021 981 2074 mortem
996 2030 1052 2071 nou
1068 2011 1113 2070 in-

141 2109 222 2164 serto
230 2101 421 2184 poenitentia>
431 2102 519 2182 siqua
536 2100 660 2175 dederit,
673 2113 760 2184 atque
777 2101 935 2182 dpeeeo'tis
949 2109 976 2161 et
986 2101 1114 2160 censuris

141 2189 350 2254 absolutionem
364 2190 542 2264 obtinuerit,
569 2190 714 2252 «sublata
728 2190 885 2271 Episcopis
899 2195 930 2251 et
951 2187 1118 2249 Ordinariis

146 2303 161 2338 n
181 2298 275 2360 super
286 2279 342 2340 hdo
356 2281 445 2360 poena
457 2279 671 2358 interpretandi
684 2297 719 2341 ao
729 2277 922 2359 dispensandi
935 2275 1114 2337 facultatem

24 2439 27 2446 ,
144 2367 205 2430 lloo
220 2387 282 2429 non
292 2368 440 2444 obstante,
455 2367 576 2428 Gardin.
593 2369 720 2428 Gousset
735 2365 850 2447 (Tteot.
865 2364 990 2435 Mortale,
1002 2371 1075 2424 tom.
1085 2367 1115 2432 ἓ,

144 2466 177 2518 n⁰
192 2457 264 2539 636)
280 2457 320 2518 ait
337 2475 344 2516 :
364 2457 424 2518 «si
443 2455 471 2516 le
493 2455 651 2531 duelliste,
671 2473 703 2516 se
723 2460 842 2516 sentant
865 2452 969 2514 atteint
983 2451 1024 2512 du
1040 2468 1118 2531 eoup

147 2567 162 2604 a
182 2546 302 2620 mortel,
324 2544 477 2606 reclamait
493 2562 535 2605 un
549 2545 649 2624 pretre
670 2561 709 2604 ou
725 2543 768 2604 les
788 2559 910 2604 seeours
930 2540 970 2600 de
989 2539 1017 2598 la
1035 2537 1116 2600 Reli-

147 2657 163 2693 α
184 2635 274 2715 gion,
289 2641 318 2696 et
336 2651 396 2714 que
416 2652 451 2696 oe
469 2631 521 2693 tait
541 2631 586 2694 lut
604 2632 709 2693 atteste
731 2648 784 2710 par
802 2631 953 2710 plusieurs
967 2626 1117 2700 lemnius,

149 2745 165 2782 e
185 2741 265 2784 nous
278 2739 411 2803 pensons
424 2739 484 2801 que
501 2720 560 2782 l’on
575 2727 648 2798 peut
660 2719 810 2799 temperer
824 2720 851 2780 la
865 2717 988 2797 rigueur
1002 2715 1055 2775 des
1069 2731 1118 2776 oa·

150 2833 166 2872 e
186 2829 265 2873 nons
275 2818 304 2872 et
317 2809 460 2872 acoorder
473 2828 511 2870 au
525 2808 662 2870 duelliste
678 2807 706 2867 la
717 2807 871 2886 sepulture
880 2802 1119 2880 eoole'siastique;

150 2899 215 2962 «le
237 2898 339 2974 relus,
366 2897 500 2979 quoique
526 2896 717 2974 oanouique,
740 2912 779 2954 ne
802 2893 890 2954 serait
914 2906 967 2971 pas
989 2889 1122 2968 compris

151 3010 168 3047 a
187 2988 284 3070 parmi
307 3005 385 3048 nous
403 2985 479 3046 dans
498 2985 527 3046 le
540 3001 590 3046 eas
612 2983 686 3043 dont
699 2981 719 3042 il
739 2982 826 3062 s’agit
846 3001 877 3042 u.
894 2977 953 3040 Sed
968 2978 1038 3038 oirm
1058 2977 1120 3038 haeo

148 3075 273 3138 assertio
292 3073 450 3136 manifeste
467 3073 505 3133 sit
521 3071 670 3134 contraria
693 3069 785 3132 modo
804 3068 891 3130 diotae
911 3064 1120 3128 Constitutioni

149 3165 264 3228 Bened.
282 3166 364 3238 xlv,
385 3162 526 3224 sustineri
541 3161 645 3240 nequit
667 3159 722 3221 nisi
741 3159 781 3220 ob
804 3157 903 3238 gravia
928 3153 1120 3216 incommoda
1191 3159 1194 3166 '
1294 3221 1295 3230 χ

149 3273 219 3336 quae
238 3252 402 3315 obventura
430 3256 531 3313 essent
550 3269 587 3311 ex
607 3249 807 3329 denegatione
834 3245 996 3326 sepulturae
1017 3242 1047 3302 in
1071 3241 1120 3303 tali
1186 3264 1188 3268 ·

150 3361 233 3405 casu.

188 3435 222 3493 l·
243 3429 348 3502 Quoad
364 3426 539 3489 manifestos
552 3431 741 3505 peccatores,
757 3428 864 3502 praeter
874 3419 1055 3501 supradicta,
1072 3437 1122 3480 ne

152 3518 216 3601 gari
230 3519 335 3599 nequit
347 3514 556 3597 denegandam
570 3533 653 3586 esse,
670 3513 776 3573 saltem
797 3510 966 3584 interdum,
983 3507 1120 3586 sepultu-

153 3626 218 3670 ram
241 3605 472 3670 ecelesiasticam
496 3603 532 3663 iis
551 3603 603 3682 qui
623 3603 653 3662 in
671 3599 807 3680 llagranti
824 3599 933 3659 delicto
952 3596 1118 3667 decedunt

153 3704 197 3770 ut,
208 3715 237 3759 v.
248 3714 293 3776 g.‚
302 3695 326 3756 si
335 3695 365 3754 in
376 3701 443 3754 actu
454 3692 522 3753 lurti
533 3690 608 3750 latro
618 3688 877 3763 oceumbat‚1uxta
887 3703 953 3763 cap.
967 3684 1061 3743 Fures
1071 3683 1117 3740 31.

154 3802 244 3848 causa
258 3787 311 3858 ld,
325 3801 357 3862 q.
373 3786 403 3844 2.
423 3781 543 3842 «Fures
556 3785 586 3840 et
599 3777 749 3849 latrones,
765 3775 789 3836 si
813 3774 844 3834 in
857 3771 985 3834 iurando
999 3773 1051 3827 aut
1066 3765 1120 3824 de-
