2590 4208
413 302 416 311 ,
482 256 567 302 emen
587 253 721 299 rsarrns.
1052 231 1088 288 ts

111 375 372 460 responsionem;
388 373 421 432 3⁰
438 367 579 438 ratione,
604 364 679 442 quia
699 360 753 442 qui
772 358 892 422 habent
914 358 1089 421 dominium

111 462 318 533 solummodo
340 455 552 522 exercendum
573 469 648 514 oum
669 449 841 530 superioris
864 448 1001 523 licentia,
1018 455 1092 509 sont

113 575 188 620 sere
209 568 375 635 pauperes,
402 546 519 628 quippe
545 539 638 603 bonis
659 538 724 600 suis
742 555 806 600 non
829 535 980 599 fruuntur
1001 535 1094 598 aliter

114 662 215 728 quam
232 643 257 704 si
272 656 383 704 eornm
397 633 542 699 dominio
555 633 721 704 carerent„
885 642 887 647 ·

154 737 226 798 937.
251 729 303 792 lll.
325 725 410 790 Nihil
427 723 491 785 lere
505 717 642 801 speciale
654 723 701 778 est
714 721 788 778 voto
803 712 937 777 solemni
947 713 1081 776 obedien

116 824 169 887 tiae
189 839 197 884 :
214 837 289 883 nem
304 816 361 880 etsi
375 814 491 877 virtute
504 805 687 889 hujusmodi
702 805 767 868 voti
776 801 919 885 superior
934 803 1095 882 religionis

118 919 306 994 potestatem
316 903 432 967 habeat
441 916 553 964 omnes
567 893 789 977 promissiones
800 891 1010 955 asolemniter
1022 909 1092 973 pro·

95 1055 101 1059 .
118 1003 200 1064 fesso
215 998 314 1060 iactas
328 989 471 1056 irritandi
487 1036 495 1065 ‚
514 984 658 1048 eamdem
682 989 870 1065 potestatem
884 981 1096 1044 communiter

118 1091 182 1154 DD.
197 1087 342 1150 tribuunt
354 1076 764 1162 superioribuscaeterornm
782 1071 1000 1150 religiosorum
1014 1071 1094 1133 votis

119 1173 321 1258 simplicibus
335 1167 557 1232 adstrictorum
572 1181 580 1224 τ
600 1161 631 1224 vi
646 1177 762 1240 nempe
776 1157 939 1240 potestatis
952 1157 1095 1222 domina·

120 1269 204 1338 tivae,
217 1280 289 1344 qum
304 1260 380 1342 ipsis
393 1254 541 1336 competit
552 1251 584 1312 in
595 1251 682 1314 omni
694 1248 840 1312 lnstituto
850 1248 998 1328 religioso
1012 1247 1099 1310 suffi-

120 1357 242 1419 cienter
266 1345 460 1432 approbato,
480 1341 604 1406 irritare
626 1345 757 1420 possunt
776 1337 904 1400 illorum
919 1346 993 1399 vota
1015 1337 1096 1400 votis

120 1439 325 1527 professionis
335 1431 548 1516 superaddita,
562 1437 753 1507 ceterasque
763 1426 899 1506 ipsorum
915 1425 1095 1508 promissio·

121 1529 346 1597 nes.l)iscrime
357 1519 509 1603 naliquod
523 1528 629 1581 tamen
642 1525 689 1577 est
703 1534 714 1578 .·
729 1533 854 1576 names
869 1533 955 1576 mera
966 1514 997 1578 S.
1015 1515 1093 1577 Pon·

122 1621 216 1686 tiliois
231 1614 440 1700 permissione
457 1607 632 1690 superiores
653 1603 888 1676 institutorum,
918 1601 951 1665 in
978 1601 1097 1684 quibus

122 1711 190 1775 sola
204 1707 391 1770 emittuntur
405 1697 561 1778 simplicis
584 1701 667 1768 vota,
679 1697 805 1773 possent
828 1689 957 1771 prreiato
981 1709 1098 1754 renun-

122 1793 384 1880 tiarepriritegio‚
393 1798 425 1852 et
439 1789 500 1849 hoo
508 1787 576 1849 sine
587 1781 763 1846 mutatione
773 1778 1095 1861 conditionisreligio·

122 1906 232 1954 sorum
245 1886 399 1956 istorum3
416 1877 493 1940 dum
509 1875 591 1956 Papa
613 1871 724 1950 nequit
739 1867 927 1948 generaliter
946 1869 1030 1932 hane
1055 1869 1095 1932 li-

121 1977 260 2042 oentiam
268 1972 344 2040 dare
358 1963 575 2050 superioribus
592 1959 772 2024 solemniter
784 1957 996 2040 professorum
1017 1959 1093 2040 quin

123 2073 225 2131 mutet
254 2057 469 2126 conditionem
498 2049 682 2134 hujusmodi
710 2047 941 2128 religiosorum,
966 2056 998 2110 et
1025 2048 1100 2112 illos

122 2155 295 2220 constituat
311 2149 344 2211 in
366 2153 449 2209 statu
463 2141 656 2222 simplicium
671 2144 829 2200 votorum.
845 2135 935 2200 Unde
949 2157 1023 2219 erga
1043 2157 1096 2203 so-

122 2243 271 2309 lemniter
284 2234 452 2322 professos,
471 2237 609 2314 potestas
626 2227 784 2290 inhaerens
797 2227 1013 2308 superioribus
1028 2229 1098 2290 irri-

123 2332 214 2397 tandi
228 2336 302 2392 rota
315 2333 346 2388 et
361 2319 585 2406 promissiones
597 2323 644 2380 est
664 2315 826 2390 absoluta,
842 2323 873 2378 et
888 2317 974 2394 quasi
987 2318 1101 2380 inimu-

123 2421 239 2494 rabitis,
249 2433 323 2479 oum
333 2413 619 2489 desinerenequeat
632 2404 690 2467 nisi
703 2422 759 2486 per
772 2404 1017 2467 destructionem
1028 2424 1088 2468 eon

123 2508 256 2574 ditionis
275 2501 458 2572 solemniter
474 2495 711 2580 professorum3
736 2492 813 2555 dum
829 2510 879 2554 res
893 2493 983 2555 aliter
998 2513 1030 2554 se
1045 2495 1098 2557 he·

123 2600 178 2663 bet
198 2612 273 2676 erga
294 2588 452 2666 simplicia
467 2597 539 2649 rota
553 2585 743 2646 emittentes.
768 2579 843 2642 lnde
858 2583 1001 2662 sequitur
1013 2583 1101 2664 quod

124 2686 305 2770 superiores
323 2677 506 2744 solemniter
521 2670 737 2756 professorum
760 2668 884 2732 irritare
905 2671 1032 2733 valeant
1046 2690 1100 2736 eo-

124 2795 199 2842 rum
214 2767 438 2856 promissiones
453 2772 483 2826 et
497 2762 647 2845 pleraque
661 2765 735 2822 vota
750 2755 937 2839 professioni
951 2762 1102 2842 supered-

125 2867 205 2938 dits‚
219 2859 341 2926 etiamsi
356 2855 411 2918 illa
426 2859 519 2916 antea
538 2847 777 2932 approbassent.

166 2951 304 3017 Dicimus
329 2944 471 3027 pleraque
498 2948 561 3002 voto
585 2935 764 3020 professioni
789 2935 984 3016 superaddite
999 2955 1007 3000 τ
1025 2941 1101 3021 quia

125 3051 203 3112 sunt
225 3032 409 3118 excipienda
425 3029 479 3092 ilia
498 3045 580 3110 qum,
598 3025 631 3087 in
653 3021 848 3106 quibusdam
872 3025 1101 3106 Religionibus,

126 3131 270 3196 absolute
280 3133 312 3188 et
324 3123 441 3201 absque
455 3114 666 3198 dependentia
681 3113 883 3195 superiorum
899 3116 999 3177 tribus
1022 3119 1105 3181 votis

126 3216 287 3285 consuetis
299 3205 559 3292 superadduntur
583 3223 591 3265 :
612 3221 643 3266 v.
661 3221 691 3282 g.
710 3209 783 3265 vota
806 3201 1004 3267 abstinentie
1017 3207 1102 3286 apud

126 3309 283 3376 Minimos,
294 3290 619 3381 captivosredimendi
635 3289 719 3370 apud
735 3289 946 3369 religiososde
958 3292 1102 3376 Mercede,

125 3407 185 3463 eto.
202 3390 309 3470 Quoad
319 3393 429 3451 votum
445 3379 629 3444 transeundi
645 3379 685 3441 ad
700 3379 888 3441 strietiorem
903 3381 1101 3464 religionem,

125 3507 157 3554 s.
172 3480 318 3550 Mmruale
332 3494 369 3540 ns
382 3473 473 3550 2500,
491 3478 545 3534 aut
555 3468 587 3532 S.
604 3465 801 3548 Lignorium,
819 3465 875 3530 lib.
888 3469 921 3548 d,
933 3482 968 3532 n⁰
982 3472 1031 3537 13.
