2552 4204
443 268 531 313 LIBER
552 267 684 312 ramme.

345 525 348 532 ἢ
498 442 585 503 lar.
608 443 631 502 1.
672 495 675 502 ,

140 583 176 628 ult
195 584 328 630 narrans
349 583 464 632 CONTRA
486 585 577 630 FlDEM
597 583 635 628 ET
663 583 817 632 UNITATEM
836 586 992 634 ECGLESIAE.

532 827 593 908 ar.

454 959 497 1022 De
518 957 687 1040 Apostasr‘a.

121 1087 186 1148 865.
211 1086 370 1168 llposlasia
384 1092 429 1150 est
445 1084 574 1148 delectio
595 1087 612 1148 ι
633 1089 717 1163 Deo,
741 1090 893 1167 quatenus
913 1086 959 1150 vel
983 1085 1058 1152 fides

90 1169 255 1253 christiana,
279 1176 326 1237 vel
349 1181 443 1239 status
463 1175 638 1256 religiosus,
663 1175 708 1238 vel
730 1176 806 1236 ordo
820 1168 1059 1256 saeer'reeeptus

89 1258 235 1326 deseritur.
249 1263 372 1345 Triplex
385 1281 457 1344 ergo
470 1273 515 1326 eal
527 1264 691 1344 apostasia,
704 1265 722 1324 ὰ
733 1265 793 1346 fide
804 1265 929 1338 scilieet,
945 1264 1058 1328 allell-

89 1348 167 1427 pr'ooe
176 1369 229 1414 seu
242 1361 325 1415 statu
338 1353 494 1433 reliqioso,
509 1360 539 1416 et
553 1355 571 1416 a
583 1373 666 1414 suero
680 1353 794 1416 ordine.

123 1443 151 1500 l·
172 1442 357 1521 Apostasia'a
372 1441 431 1504 lide
443 1449 488 1504 est
501 1443 600 1504 totalis
613 1442 788 1504 discessioa
803 1441 862 1504 lide
874 1442 1057 1507 christiana:

89 1522 146 1587 fieri
160 1535 258 1608 polest
271 1529 318 1591 vel
332 1527 370 1590 ad
384 1529 629 1610 amplectendum
642 1529 848 1606 judaismum,
867 1529 915 1591 vel
930 1529 1057 1608 pagani·

89 1629 194 1692 amum,
207 1617 254 1678 vel
269 1617 558 1692 mahumetismurn,
570 1617 615 1682 vel
628 1619 719 1678 etiam
736 1616 834 1696 (nulllt
843 1615 974 1678 admissa
984 1616 1058 1678 falsa

88 1702 238 1788 religione)
253 1705 294 1768 ad
316 1699 497 1768 atheismum
513 1704 731 1786 prolitendum,
742 1711 793 1766 aut
808 1705 839 1764 in
859 1703 1060 1766 indifferentit

89 1793 177 1855 omnis
191 1795 349 1876 religionis
363 1795 619 1876 permanendum.

123 1882 165 1942 ab
176 1882 283 1946 haeresi
295 1883 447 1964 discrepat
461 1883 609 1964 apostasia
624 1881 705 1963 quod
721 1881 843 1944 haeresis
858 1899 920 1943 non
933 1899 970 1944 ex
982 1887 1056 1959 tolo,

91 1970 137 2031 aed
154 1991 188 2034 ex
205 1979 290 2052 parte
313 1973 458 2035 duntaxat
474 1973 506 2034 in
521 1990 584 2033 uno
598 1978 650 2033 aut
664 1970 801 2051 pluribus
821 1970 970 2049 articulis,
986 1989 1061 2052 apo·

90 2059 170 2121 alesia
183 2067 286 2124 autem
302 2062 431 2123 totaliter
440 2061 582 2123 abhorret
596 2062 614 2123 a
626 2059 704 2122 fide:
721 2060 803 2123 unde
816 2061 896 2142 quia
910 2062 982 2123 vera
996 2061 1061 2122 reli·

92 2147 172 2226 glore
185 2151 223 2213 ad
239 2151 376 2234 aliquam
395 2158 507 2213 sentam
531 2151 723 2228 basaticum,
745 2157 836 2230 prout
850 2149 1060 2229 lutheranam,

89 2238 270 2314 anglicanam
293 2246 471 2318 transeunt,
488 2239 610 2300 nonnisi
631 2239 797 2320 improprie
818 2245 961 2320 apostatae
976 2259 1061 2301 nuu-

89 2335 246 2404 eupantur3
263 2345 323 2390 nee
337 2329 435 2408 poenis
449 2335 555 2389 eontra
570 2335 720 2409 apostatas
731 2329 800 2408 jure
814 2331 972 2390 communi
988 2346 1056 2408 spe·

89 2413 192 2478 cialiter
204 2417 325 2480 statutis
340 2417 508 2498 subjacent.
524 2419 568 2478 lla
582 2416 798 2478 communiter.

122 2503 230 2568 Praeter
244 2511 348 2568 autem
364 2524 469 2586 poerras
483 2513 589 2568 contra
611 2506 770 2567 haereticos
785 2505 878 2580 latas,
899 2509 1061 2586 apostata,

90 2595 216 2671 quandiu
231 2597 338 2658 vivunt
353 2601 461 2676 etpost
476 2602 605 2657 mortem
621 2611 675 2676 per
690 2593 955 2675 quinquennium,
970 2611 1064 2656 aceu-

90 2684 141 2744 sari
162 2693 191 2746 et
213 2686 245 2746 in
261 2685 327 2746 suis
350 2684 438 2746 bonis
461 2703 516 2764 per
536 2683 787 2746 confiscationem
814 2683 916 2764 puniri
937 2689 1065 2762 possunt

92 2771 167 2854 lleg.
183 2773 302 2856 Siquis
314 2777 352 2850 2,
368 2778 429 2834 etl
445 2781 650 2854 apostotorum
666 2777 697 2847 ll,
713 2790 741 2834 e.
757 2769 794 2832 de
811 2770 990 2853 apostatis),
1007 2789 1065 2832 neo

91 2860 266 2944 sull'rugatur
280 2861 324 2924 eis
344 2863 522 2942 poenitentia
545 2862 589 2924 uti
613 2860 769 2922 haereticis.
785 2858 831 2941 (L.
852 2859 900 2921 Hi
912 2859 1017 2940 quia,
1034 2877 1062 2923 c.

91 2950 188 3014 eodem
207 3001 214 3015 .

125 2954 320 3103 Conduetudo
345 3042 406 3122 qua
433 3038 601 3115 christiani,
614 3037 646 3099 in
667 3037 850 3120 quibusdam
871 3037 1063 3118 regionibus,

91 3129 207 3190 nomina
221 3128 341 3191 tureica
354 3136 562 3203 assumerent,
578 3133 612 3188 ut
630 3134 754 3207 possent
775 3126 899 3188 liberius
915 3126 1063 3205 negotiari

92 3233 155 3280 eum
180 3217 356 3279 infidelibus
371 3217 528 3297 variasque
554 3213 680 3278 evadere
695 3215 888 3291 vexationes,
917 3215 1066 3296 prohibita

92 3301 167 3368 luitis
183 3306 321 3369 Concilio
340 3307 373 3367 in
388 3305 516 3366 Albania
530 3305 632 3366 habito
647 3322 729 3366 anno
743 3306 837 3365 1703:
853 3323 946 3386 quam
962 3305 1065 3386 prohi-

90 3389 229 3458 bitionem
243 3393 438 3458 oonllrmaril
449 3393 563 3454 Bened.
578 3395 644 3456 XIV
657 3393 689 3454 in
701 3392 765 3455 suis
777 3392 902 3454 Constit.
914 3391 997 3456 Inter
1010 3414 1066 3456 om·

92 3482 209 3564 uiperae
220 3490 252 3548 el
267 3482 352 3560 Quod
363 3481 569 3545 Prouinciale.

125 3573 213 3636 aliud
230 3580 278 3636 est
291 3573 429 3635 omittere
442 3573 573 3654 proprie
584 3572 653 3633 lidei
665 3571 897 3654 professionem,
914 3571 998 3654 quod
1012 3571 1067 3633 ali·

91 3662 207 3740 quando
219 3662 341 3724 tolerari
355 3669 467 3744 potesl;
479 3662 561 3724 aliud
573 3661 708 3744 proliteri
722 3661 814 3724 tidem
826 3661 967 3736 alienam,
982 3658 1064 3741 quod

92 3748 169 3812 nullo
182 3756 273 3830 paeto
290 3749 435 3830 lieet,etsi
445 3753 505 3813 hoe
517 3752 601 3814 lieret
616 3751 808 3813 solummodo
824 3747 968 3823 exterius,
978 3754 1066 3824 prout
