2590 4208
191 345 233 404 ⁴26
451 354 605 398 utsusnrx
625 353 708 397 rums
731 351 878 398 cxuoxrcr.

191 473 315 552 absque
330 469 455 531 indulto
472 468 571 549 Papae,
588 467 645 546 qui
659 466 746 528 solus
761 465 843 528 eirca
857 463 1039 526 clausuram
1055 473 1148 538 papa·

197 561 257 622 lem
277 556 461 638 dispensare
483 563 593 634 potest.

233 646 300 708 Etsi
314 645 456 715 Ordines,
467 643 538 705 vitae
552 641 806 723 contemplative
820 639 930 706 derint„
945 634 1147 718 perfectiores

196 743 241 796 sat
257 734 468 796 communiter
480 731 659 792 habeantur
673 727 919 791 ordinibusvitae
934 726 1055 796 activae,
1068 731 1146 783 atta-

197 841 282 896 men,
295 821 383 900 juxta
399 820 428 883 S.
448 819 610 896 Thomanr,
626 834 776 880 summum
786 813 914 898 gradum
925 819 1025 876 tenent
1036 815 1088 891 qut
1100 827 1150 872 or-

193 912 344 974 dinentur
370 909 411 972 ud
439 909 604 970 docendum
618 915 647 968 et
661 907 903 986 predicendum,
930 902 960 975 Ξ,
978 900 1008 978 t,
1030 921 1063 981 q.
1081 899 1148 969 l88,

194 1009 258 1062 ert.
278 999 308 1074 6,
325 996 492 1058 Conclusio.
509 994 544 1056 ln
555 1013 620 1074 quo
632 1003 678 1056 est
693 1001 767 1056 nota
783 993 870 1054 dum
885 991 969 1073 quod
983 990 1022 1052 ad
1038 989 1150 1068 digno·

194 1086 435 1149 scendumuum
445 1101 508 1145 una
523 1081 680 1186 religlogit
691 1081 761 1144 aliis
773 1079 948 1163 perfectior,
959 1076 1150 1141 attendenda

195 1185 242 1236 est
261 1175 397 1235 maxime
425 1190 489 1234 non
512 1172 663 1252 primaria
693 1169 794 1254 ipsius
817 1168 987 1246 institutio,
1003 1166 1059 1230 sed
1085 1165 1152 1246 ejus

195 1261 396 1324 observantia
418 1259 562 1322 actualis.

235 1349 303 1410 Non
318 1348 463 1411 obstante
482 1347 565 1410 circa
581 1346 643 1410 hoc
658 1356 814 1429 punctum
835 1345 1027 1426 opinionum
1044 1342 1145 1404 vario·

195 1447 270 1512 tate,
282 1437 468 1518 generaliter
481 1435 676 1500 concordant
693 1435 754 1498 Di).
771 1435 958 1516 religionem
972 1431 1152 1495 carthusia·

196 1544 272 1589 nam
284 1542 351 1588 esse
365 1524 512 1587 omnium
534 1522 805 1606 perfectissimam.

236 1615 283 1677 Au
299 1613 368 1688 doe,
383 1613 414 1674 in
431 1631 506 1675 casu
519 1615 680 1687 transitus,
693 1613 732 1676 sit
745 1610 939 1676 monialibus
959 1607 1153 1672 restituenda

196 1702 280 1766 inira
301 1701 417 1764 dicturi
438 1719 561 1764 sumus.

235 1790 305 1853 ost.
323 1789 356 1851 5⁰
371 1789 415 1849 Ex
432 1789 578 1871 pluribus
587 1788 736 1871 capitulis
748 1789 838 1870 juris,
854 1787 1001 1850 videlicet
1013 1803 1053 1846 ex
1066 1804 1095 1846 c.
1107 1783 1153 1846 tt·

195 1887 252 1951 cet,
267 1880 303 1942 de
315 1879 459 1960 Regulus.
476 1899 487 1952 ;
504 1897 531 1940 c.
546 1877 644 1940 Inter.
666 1875 694 1951 2,
712 1878 756 1941 Dc
771 1878 914 1942 translat.
943 1875 1062 1955 Epiro,
1085 1881 1148 1935 etc.

197 1976 318 2031 certum
333 1977 380 2028 est
392 1967 585 2049 Episcopum
596 1984 661 2030 non
681 1984 785 2048 posse,
801 1967 922 2047 absque
936 1963 971 2027 S.
990 1961 1152 2026 Pontitieis

197 2054 336 2131 licentia,
350 2054 537 2132 religionem
547 2055 681 2136 ingredi.
693 2053 913 2118 Caeteriautem
928 2051 1049 2126 clerici,
1060 2051 1154 2112 etiam

196 2161 305 2205 curam
317 2143 497 2204 animarum
508 2143 673 2218 habentes,
685 2144 809 2208 admitti
824 2151 959 2226 possunt
974 2140 1015 2204 ad
1032 2140 1154 2220 religio·

197 2247 270 2292 nem
286 2231 406 2310 absque
419 2230 568 2313 Episcopi
583 2232 712 2295 licentia
727 2253 738 2309 3
754 2241 784 2295 et
799 2230 999 2313 probabilius
1014 2228 1152 2290 licetre-

196 2319 271 2400 ligio
284 2336 347 2383 nou
361 2319 401 2380 sit
416 2319 521 2382 stricte
534 2319 628 2391 dicte,
645 2319 678 2383 id
703 2329 836 2384 osteum
858 2321 938 2384 votis
953 2317 1152 2381 solemnibus

196 2407 293 2470 modo
303 2407 472 2470 essentiam
489 2416 587 2472 status
608 2409 747 2490 religiosi
767 2409 891 2472 habeat.

235 2495 316 2558 Casu
331 2505 436 2560 tamen
446 2514 511 2578 quo
523 2497 655 2560 ecclesia
666 2517 760 2580 grave
773 2500 929 2562 damnum
943 2502 1151 2578 patereturex

197 2585 461 2648 transitusclerioi
476 2586 516 2650 ad
531 2586 730 2667 religionem,
747 2587 923 2668 Episcopus
938 2593 1047 2668 posset
1060 2584 1151 2646 illum

196 2683 346 2756 repetere,
362 2675 457 2736 etiam
469 2682 540 2755 post
554 2675 868 2756 ejusprol'essionem.
885 2676 929 2738 lta
941 2675 1057 2737 Bened.
1073 2672 1148 2746 xlv,

196 2763 229 2823 in
244 2779 302 2823 suo
316 2761 404 2824 Brevi
419 2763 470 2825 Ec
484 2780 551 2842 quo,
569 2764 607 2824 tt
617 2765 761 2827 lanuarii
780 2765 872 2828 llll.

234 2850 304 2913 955.
318 2850 351 2914 6·
366 2851 458 2916 Juxta
470 2853 614 2932 regulam
627 2852 808 2934 generalem
823 2871 841 2914 a
856 2853 920 2916 uu.
937 2852 1148 2916 communiter

189 2951 368 3022 acceptam,
385 2962 450 3008 non
461 2944 534 3006 licet
545 2943 730 3024 religionem
745 2945 881 3028 ingredi,
894 2944 1024 3026 quando
1035 2961 1149 3025 paren-

197 3042 241 3093 tes
256 3040 395 3096 extrema
412 3032 461 3094 rel
475 3033 563 3114 gravi
585 3033 771 3097 necessitate
786 3039 988 3115 premuntur,
1005 3050 1023 3096 a
1038 3051 1102 3114 qua
1117 3031 1148 3094 li·

196 3119 299 3182 bereri
320 3129 487 3199 nequeunt
499 3120 568 3184 sine
582 3122 722 3186 liliorum
737 3123 892 3186 subsidio.

235 3207 322 3269 ldem
336 3217 381 3269 est
394 3207 565 3272 dicendum
580 3210 620 3273 de
634 3211 821 3292 parentibus
845 3211 975 3293 quando
986 3210 1044 3272 lilii
1059 3211 1093 3273 in
1105 3210 1147 3272 si·

197 3294 262 3356 mili
274 3295 735 3380 necessitaterelinquerentur,
745 3300 793 3362 rel
806 3301 947 3364 nondum
958 3305 1033 3362 sunt
1043 3316 1147 3362 eman·

196 3383 300 3465 cipati.
327 3383 393 3449 lmo
414 3385 481 3467 jam
507 3387 639 3471 prolessi
668 3397 854 3453 tenerentur
870 3391 891 3452 ii
906 3407 1018 3451 omnes
1039 3405 1141 3452 econ·

196 3482 291 3533 ventu
304 3473 424 3553 egredi,
434 3475 458 3536 si
475 3487 622 3557 parentes
634 3486 688 3540 aut
703 3477 761 3540 lilii
776 3479 809 3540 in
825 3488 1000 3541 extremam
1015 3474 1148 3541 necessi·

151 3620 156 3628 ,
196 3567 290 3622 tatem
305 3571 410 3624 esseut
423 3563 557 3640 reducti,
571 3575 602 3628 et
616 3566 707 3630 aliter
721 3567 799 3648 ipsis
815 3566 973 3650 provideri
989 3565 1145 3647 nequiret.

150 3667 157 3683 ²
190 3647 226 3710 st
242 3656 347 3711 autem
362 3652 449 3729 gravi
465 3659 588 3716 tantum
598 3655 784 3718 necessitate
793 3662 1025 3738 premerentur,
1041 3651 1147 3736 proba·

193 3735 291 3797 bilius
303 3744 379 3801 tunc
389 3738 523 3821 peteuda
538 3750 618 3804 esset
626 3743 799 3824 superioris
814 3743 1145 3822 lieentiaegrodieudi·

235 3823 351 3904 Excipe
365 3828 390 3886 si
406 3827 491 3890 lilius
506 3828 538 3889 in
551 3831 666 3894 saeculo
682 3851 825 3900 manens.
843 3835 955 3896 subver
968 3833 1013 3894 ire
1035 3838 1145 3920 nequi·

1244 3929 1259 4170 l
