2604 4196
202 247 262 304 sto
473 259 623 305 arsamum
645 259 727 302 runis
748 258 893 302 onnonrsr.

200 360 290 421 cendi
304 407 313 437 ,
328 369 378 423 aut
398 359 518 423 nonnisi
536 365 602 440 post
615 359 830 439 quadrantem,
847 357 955 418 melibs
970 362 1013 417 ost
1028 373 1175 436 porgere:

199 450 273 526 quia
287 451 475 512 continuatio
490 449 589 510 missae
603 448 640 510 ad
662 448 807 509 unitatem
830 443 967 507 sacrificii
981 446 1121 525 pertinet.
1137 478 1177 490 -

199 538 331 607 Quidam
347 545 447 600 autern
462 537 568 600 dicunt
584 555 673 618 posse
688 535 801 616 absque
815 541 938 616 peccato
954 533 1069 595 recitari
1084 550 1176 594 evan·

203 625 314 706 galium
329 630 360 690 S.
376 627 511 701 loannis,
528 626 659 687 extincto
672 625 809 697 lumine;
830 623 882 684 scd
898 621 1083 703 probabilius
1099 640 1174 683 can-

197 714 277 776 ‹lelae
293 735 353 778 non
368 717 478 778 debent
492 715 626 796 extingui
643 713 698 775 nisi
715 718 782 794 post
793 712 850 774 hoc
866 711 1072 791 livangelinm.

240 805 396 868 Celebrare
410 823 481 867 cum
502 805 593 868 unico
610 802 723 864 lumine
738 820 825 864 cereo
840 809 884 862 est
897 802 1017 862 tantum
1032 799 1149 861 veniale
1166 849 1173 872 ‚

193 893 282 971 ,juxta
296 897 538 956 communiorem
553 901 581 954 et
598 891 830 973 probabiliorem
854 890 1058 951 sementiam:
1079 891 1094 949 a
1112 909 1174 970 quo

202 992 322 1061 peccato
344 991 491 1058 excusat,
519 983 634 1045 secluso
660 979 799 1042 scandalo
818 1027 825 1056 ,
847 996 1048 1061 quaecumque
1082 996 1174 1040 causa

199 1073 398 1147 rationabilis,
416 1079 445 1134 et
460 1073 549 1134 etiam
565 1071 628 1133 sola
640 1069 770 1131 devotio.

238 1163 305 1222 Non
320 1163 528 1236 essebonum,
544 1161 636 1222 etiam
651 1158 775 1220 Vicariis
790 1156 984 1220 Generalibus
996 1203 1004 1233 ,
1018 1156 1172 1221 celebrare

197 1250 304 1312 missas
331 1251 460 1331 privatas
487 1267 557 1311 cum
586 1255 713 1330 quatuor
739 1247 892 1320 candelis3
921 1247 961 1306 ita
988 1265 1023 1308 ex
1051 1248 1168 1311 Declar.

193 1341 228 1401 S.
251 1342 409 1421 Congr.,7
429 1359 498 1422 aug.
518 1344 605 1400 tuat.
631 1337 709 1399 Solis
732 1342 834 1399 autem
858 1334 1082 1410 cardinalibus,
1103 1338 1171 1416 Epi·

197 1429 294 1510 scopis
308 1437 337 1491 et
353 1429 519 1491 Abbatibus
533 1446 623 1491 usum
638 1425 860 1488 Pontificalium
876 1424 1055 1486 habentibus
1068 1427 1110 1503 (et
1123 1426 1170 1490 bis

192 1517 309 1579 ultimis
323 1519 420 1581 solbm
442 1519 514 1580 cbm
536 1518 567 1578 in
589 1514 813 1579 Pontificalibus
829 1513 993 1595 celebrant)
1008 1513 1067 1576 hoc
1081 1516 1166 1591 licet,

192 1624 230 1666 ox
243 1609 370 1670 Decreto
383 1612 401 1671 9
413 1606 489 1669 febr.
506 1609 595 1668 1675.
608 1638 646 1653 -
662 1607 741 1668 Usus
755 1611 856 1665 tamen
871 1603 1042 1668 invaluitin
1056 1604 1166 1684 Gallia,

192 1697 376 1776 utquaedam
391 1697 633 1777 missaeprivatae,
650 1693 757 1755 diebus
767 1692 861 1769 festis,
877 1711 947 1754 cum
962 1695 1043 1754 certa
1055 1692 1166 1756 solem-

192 1784 302 1860 nitate,
328 1785 456 1866 ideoque
477 1804 549 1848 curn
570 1789 700 1866 quatuor
718 1788 770 1845 aut
788 1782 926 1862 pluribus
939 1781 1072 1844 candelis
1085 1785 1165 1846 ceta-

189 1871 332 1950 brentur3
362 1874 480 1956 hocque
504 1875 704 1954 legitimatum
732 1872 787 1933 init
815 1891 850 1932 ex
875 1871 1021 1934 Declarat.
1047 1873 1078 1932 S.
1104 1873 1162 1937 llit.

186 1961 353 2042 Congmg,
371 1967 407 2024 ll
422 1971 497 2045 sept.
517 1967 604 2034 1851,
621 1963 692 2034 ubi,
709 1961 746 2023 ad
761 1967 779 2022 ‘l
794 1968 822 2022 et
837 1967 866 2036 9,
883 1964 927 2023 sic
940 1960 1161 2042 respondetur:

196 2071 209 2107 a
231 2051 381 2113 Servanda
394 2070 460 2114 esse
474 2051 597 2132 quidem
611 2054 735 2112 Decreta
751 2049 850 2130 quoad
868 2050 973 2111 missas
987 2049 1086 2112 stricte
1098 2052 1164 2131 pri·

189 2159 209 2196 a
229 2147 309 2201 ratas
325 2161 331 2200 :
354 2140 405 2201 sed
421 2141 521 2221 quoad
536 2140 642 2201 missas
655 2139 840 2219 parochiales
855 2139 901 2199 vel
915 2138 1040 2214 similes,
1055 2139 1162 2203 diebus

188 2249 208 2284 a
228 2229 483 2307 solemnioribus,
502 2235 532 2290 ct
549 2229 649 2309 quoad
670 2229 776 2290 missas
795 2247 864 2310 quae
882 2227 1072 2290 celebrantur
1093 2229 1162 2292 loco

187 2339 206 2374 a
227 2317 370 2378 solemnis
395 2324 446 2378 aut
471 2322 617 2393 cantatae,
638 2317 797 2384 occasione
819 2317 913 2378 realis
933 2323 1023 2397 atoue
1045 2318 1160 2382 usitatae

187 2428 206 2461 u
223 2407 441 2468 celebritatisct
454 2405 668 2481 solemnitatis,
684 2405 803 2468 tolerari
818 2425 906 2486 posse
916 2405 992 2468 duos
1007 2407 1160 2472 ministros

186 2517 205 2551 a
226 2495 324 2556 missae
349 2496 569 2568 inservienteS‚
595 2495 716 2557 servatis
741 2495 982 2557 ordinationibus
1008 2496 1039 2557 S.
1066 2496 1099 2558 C.
1126 2498 1158 2560 in

190 2606 203 2640 a
227 2583 347 2659 lbden,
363 2585 398 2645 ad
416 2589 449 2645 ll
468 2588 570 2658 6112,
588 2592 617 2646 et
631 2585 688 2646 sub
702 2585 778 2646 diet
795 2592 870 2664 sept.
891 2587 976 2647 1816.
993 2607 1008 2642 n
1026 2587 1062 2645 Et
1077 2585 1157 2650 idem

178 2672 292 2733 cicitur
310 2673 347 2734 ad
368 2673 529 2753 quaesitum
547 2673 585 2734 de
606 2680 735 2754 quatuor
756 2673 900 2734 candelis.
921 2674 1010 2735 Missa
1024 2692 1156 2738 conven-

184 2761 291 2834 tualis,
314 2762 383 2823 licet
406 2781 466 2823 non
490 2768 623 2838 cantatu,
645 2763 757 2844 privata
775 2780 835 2823 non
855 2769 1016 2840 censetur;
1037 2771 1066 2825 et
1088 2765 1156 2830 idco

182 2849 315 2912 adhiberi
339 2858 465 2932 possunt
489 2852 518 2912 in
543 2855 579 2914 66
603 2851 665 2914 duo
687 2851 817 2912 ministri
833 2861 861 2913 et
883 2852 984 2934 plures
1004 2853 1152 2938 candelae,

181 2942 346 3018 praesertim
363 2942 393 3002 in
409 2941 489 3001 lestis
505 2941 680 3018 majoribus.

218 3029 427 3090 Communitcr
449 3032 512 3091 DD.
533 3030 643 3091 docent
662 3048 727 3090 csse
749 3029 893 3102 mortale,
909 3029 1060 3093 celebrare
1081 3052 1152 3099 cum

174 3116 292 3178 lumine
308 3134 345 3178 en
364 3117 436 3178 sebo
449 3119 496 3179 vel
516 3118 595 3194 oleo,
610 3118 649 3179 ob
664 3117 882 3180 indecentiam:
901 3118 955 3180 nisi
971 3137 1008 3180 ex
1021 3126 1151 3187 necessi·

175 3212 252 3281 tate,
270 3212 305 3266 ut
318 3206 419 3285 plures
439 3207 641 3269 communiter
661 3213 779 3281 tenent,
802 3207 918 3269 secluso
933 3209 1097 3288 scandalo,
1113 3215 1149 3278 ad

176 3295 477 3368 communicandum,
488 3316 515 3358 v.
533 3316 562 3376 g.
580 3295 747 3372 infirmum,
759 3297 803 3358 rel
820 3295 857 3358 ad
871 3297 1062 3378 implendum
1076 3322 1151 3382 prae-

170 3389 298 3462 ceptum
313 3383 437 3444 missam
451 3385 593 3446 audiendi
606 3405 615 3459 ;
628 3404 689 3445 non
705 3384 813 3446 sullicit
823 3393 924 3446 autem
939 3385 1003 3448 sola
1017 3389 1147 3470 devotio,

169 3471 228 3532 etsi
246 3472 327 3533 aliud
346 3473 449 3533 lumen
470 3471 573 3534 baberi
597 3481 744 3552 nequeat;
762 3473 912 3535 sufficeret
931 3484 1048 3554 autem,
1064 3481 1148 3558 juxte⁸

173 3561 210 3621 D.
226 3560 439 3637 Richaudeau‚
455 3563 531 3622 ratio
545 3563 741 3624 tentationem
757 3561 933 3642 superandi,
950 3565 995 3625 vel
1010 3566 1147 3633 lucrandi

170 3647 367 3712 bonorarium
383 3651 586 3713 necessarium
602 3670 659 3732 pro
674 3651 764 3713 victu.

213 3739 244 3800 S.
258 3739 295 3798 ll.
306 3740 456 3820 congreg.
473 3757 509 3800 ox
524 3739 644 3802 diocesi
661 3741 832 3803 Divionensi
846 3744 994 3821 consulta,
1007 3763 1046 3806 an
1060 3747 1142 3812 liccat
