2590 4208
199 385 242 444 98
476 393 630 441 stannum
651 391 732 440 runis
752 390 899 439 cruentur.

200 513 416 588 inveniantur,
437 511 492 592 qui
514 510 599 571 illius
620 507 799 570 auctoritati
815 507 1005 588 obtrectant,
1030 527 1180 574 necessa-

200 602 285 663 rium
299 599 432 662 omnino
448 617 515 661 csse
529 616 705 670 censemus,
721 597 981 678 prerogativam,
998 617 1099 679 quam
1114 598 1171 662 uni

204 691 328 770 genitus
344 689 397 751 uei
421 687 519 749 Filius
548 706 620 750 cum
645 704 771 749 summo
796 685 947 768 pastorali
968 686 1072 750 officio
1099 705 1180 752 con·

195 779 333 860 jungere
348 777 495 857 dignatus
510 783 567 850 est,
585 775 766 838 solemniter
782 793 929 838 asserere.

243 883 351 964 ltaque
380 882 443 946 Nos
478 880 641 944 traditioni
676 898 694 941 a
731 878 802 943 fidei
834 879 1018 944 Christianae
1046 881 1180 945 exordio
1278 871 1279 940 l

205 979 359 1053 perceptae
381 971 517 1051 fideliter
541 968 737 1044 inherendo,
758 969 797 1030 ad
822 968 875 1031 Dei
890 965 1065 1032 Salvatoris
1081 971 1180 1033 nostri
1278 985 1279 988 ’

204 1060 350 1140 gloriam,
368 1060 530 1139 religionis
546 1057 714 1122 Catholicae
729 1057 954 1121 exaltationem
972 1068 1003 1120 et
1027 1057 1179 1122 Christia-

207 1167 320 1212 norum
334 1149 527 1230 populorum
544 1146 690 1220 salutem,
708 1163 796 1208 sacro
812 1147 1010 1228 approbante
1025 1145 1181 1222 Concilio,

204 1237 355 1298 docemus
369 1246 399 1298 et
415 1235 567 1298 divinitus
584 1234 759 1297 revelatum
774 1233 889 1314 dogma
905 1253 972 1297 esse
986 1235 1180 1300 definimus:

206 1325 381 1387 Romanum
398 1324 592 1398 Pontificem,
610 1317 683 1385 c'um
713 1341 752 1385 cx
780 1322 935 1386 Cathcdra
966 1323 1123 1405 loquitur,
1151 1325 1181 1388 id

205 1419 261 1487 est,
277 1430 348 1473 cum
370 1413 514 1474 omnium
542 1411 793 1474 Christianorum
819 1412 954 1474 Pastoris
980 1423 1009 1474 ct
1038 1412 1181 1476 Doctoris

207 1518 338 1562 munere
356 1501 506 1580 fungens,
523 1518 580 1580 pro
595 1518 743 1580 suprema
766 1519 823 1562 sua
841 1501 1017 1582 apostolica
1038 1502 1180 1564 auctori·

207 1597 268 1651 tate
283 1590 457 1651 doctrinam
472 1588 512 1652 de
526 1589 588 1652 lide
599 1587 648 1652 vel
665 1588 808 1652 moribus
825 1589 864 1651 ab
876 1590 1022 1651 universa
1037 1590 1180 1654 Ecclesia
1279 1633 1280 1656 l

207 1677 374 1740 tenendam
390 1677 525 1751 delinit,
550 1697 606 1758 per
630 1677 837 1740 assistentiam
864 1677 1028 1756 divinam,
1058 1680 1119 1760 ipsi
1149 1681 1206 1742 in'
1279 1691 1280 1738 ;

207 1767 299 1830 Beato
320 1767 412 1829 Petro
430 1767 630 1847 promissam,
657 1785 695 1828 ea
709 1763 932 1828 infallibilitate
956 1766 1089 1852 pollere,
1115 1786 1175 1848 qua

206 1855 332 1918 divinus
346 1855 535 1937 Redemptor
549 1855 722 1916 Ecclesiam
744 1874 834 1917 suam
858 1856 890 1917 in
906 1855 1091 1920 definienda
1103 1856 1177 1920 doc-

206 1945 289 2006 trina
303 1944 342 2007 de
357 1943 419 2006 fide
433 1944 483 2007 vel
500 1944 642 2007 moribus
656 1945 840 2007 instructam
865 1963 931 2007 esse
958 1944 1058 2008 veluit
1073 1964 1083 2022 ;
1098 1943 1176 2008 ideo·

205 2052 267 2114 que
285 2033 439 2115 ejusmodi
459 2033 592 2096 Romani
616 2033 773 2096 Pontificis
802 2033 999 2096 definitiones
1024 2052 1063 2096 ex
1097 2053 1174 2112 sese,

206 2139 270 2184 uon
287 2131 392 2184 autem
409 2142 446 2185 ex
461 2140 616 2186 consensu
629 2123 785 2198 Ecclesiae,
803 2121 1048 2186 irreformabiles
1061 2141 1142 2188 esse.

246 2227 277 2288 Si
292 2228 363 2306 quis
378 2235 482 2290 autem
498 2228 574 2290 huic
597 2229 715 2290 Nostrae
739 2227 918 2289 definitioni
940 2227 1174 2304 contradicere,

201 2315 381 2398 quodlleus
391 2323 520 2393 avertat,
532 2318 767 2400 praesumpserit
783 2338 791 2381 :
808 2316 975 2379 anathema
989 2316 1044 2379 sit.
