2590 4208
196 251 236 312 58
461 258 616 305 cumeurn
636 259 717 304 runis
740 256 887 304 eruemur.

192 373 336 434 nicarum
348 367 563 430 recitationem
579 365 638 428 sub
653 367 740 446 gravi
752 373 910 439 tenentur,
920 366 1048 446 quando
1064 368 1162 434 choro

189 479 253 523 non
271 459 429 520 assistunt.
449 455 534 517 Idem
547 462 593 516 est
608 453 776 517 dicendum
794 454 833 516 de
848 455 1042 518 monialibus
1057 459 1163 523 stricte

190 548 289 612 dietis.
310 545 405 609 Secus
427 553 532 605 tamen
551 542 722 606 dicendum
743 549 788 605 est
802 543 841 604 de
856 543 894 606 iis
914 561 984 624 quae
1002 547 1163 625 pertinent

187 638 227 700 ad
250 636 361 700 domos
385 633 561 713 inquibus,
582 639 677 714 prout
695 633 727 694 in
742 631 862 703 Gallia,
879 650 943 694 non
969 634 1163 698 emittuntur

187 728 246 790 nisi
267 734 339 788 vota
354 722 518 802 simplicia.
538 721 588 784 Sic
605 721 691 783 enim
710 720 871 803 respondit
883 721 980 786 'Sacra
995 723 1161 788 Poeniten·

186 817 275 878 tiaria
300 813 339 876 ad
368 812 560 894 Episcopum
589 809 866 886 Petrocorensem‚
891 809 931 873 26
952 830 1024 873 nov.
1053 813 1157 876 1852:

190 931 204 967 a
225 903 375 968 Moniales
389 901 470 963 votis
485 899 679 962 solemnibus
692 900 858 964 obstrictas
872 900 972 962 teneri
993 901 1054 962 sub
1069 905 1157 984 gravi

186 1020 200 1053 u
226 991 367 1076 quotidie
378 989 516 1053 officium
532 989 662 1052 recitare
679 1007 715 1052 ex
732 988 961 1052 consuetudine
974 989 1040 1068 jam
1060 1010 1158 1072 praes·

186 1110 200 1143 a
225 1084 335 1164 cripta.
354 1079 431 1141 Cum
449 1095 523 1140 vero
539 1077 692 1140 moniales
706 1077 738 1139 in
755 1076 863 1140 Galliis
877 1095 935 1139 nec
949 1086 1020 1141 vota
1037 1078 1157 1142 solem·

186 1200 199 1232 a
226 1174 278 1236 nia
293 1171 455 1242 emittere,
471 1183 575 1247 neque
589 1184 657 1228 esse
675 1166 828 1230 moniales
843 1166 948 1228 stricte
965 1165 1085 1242 dictas,
1104 1167 1158 1232 sed

186 1287 200 1320 a
225 1262 351 1342 piarum
366 1262 489 1318 tantum
510 1255 700 1318 feminarum
722 1256 920 1318 societates...
945 1255 1066 1336 pluries
1091 1276 1157 1320 res-

186 1375 201 1410 »
228 1366 363 1430 ponsum
379 1346 490 1416 fuerit,
511 1343 582 1408 idco
602 1345 664 1406 illae
680 1355 742 1407 non
761 1345 821 1407 alia
835 1343 1030 1424 obligatione
1046 1355 1156 1408 tenen-

186 1463 200 1499 υ
227 1448 279 1502 tur
303 1453 399 1517 quam
415 1452 451 1496 ca
467 1451 536 1515 quae
558 1452 595 1496 ex
611 1434 791 1515 respectivis
814 1431 1094 1496 constitutionibus
1107 1455 1159 1498 re·

186 1552 200 1588 n
226 1527 364 1590 sultare.
382 1522 610 1602 Porroregulae
632 1541 697 1586 non
713 1523 815 1585 solent
836 1540 924 1584 exse
944 1520 1003 1583 sub
1027 1535 1160 1603 peceato

189 1617 338 1696 obligare.
351 1613 496 1676 Dicemus
510 1610 592 1674 inlra
606 1612 645 1674 de
660 1611 832 1692 privilegiis
843 1611 1040 1692 regularibus
1050 1613 1157 1692 quoad

188 1706 325 1770 olllcium
341 1703 497 1766 concessis
511 1701 628 1782 (teat).

495 2004 498 2008 y
532 1915 744 1979 narremus
766 1917 803 1979 v.

456 2083 495 2127 DE
515 2081 659 2128 REGlHlNE
679 2081 879 2128 annullatum.

223 2214 423 2294 Regularium
447 2213 588 2294 regimen
612 2214 659 2276 vel
674 2220 838 2278 extraneos
853 2215 980 2296 respicit
1000 2216 1049 2279 vel
1072 2218 1162 2300 ipsos

182 2305 351 2384 regulares.

636 2448 696 2530 gr.

370 2557 413 2622 De
435 2557 579 2639 regimine
598 2556 783 2637 regularium
805 2555 846 2620 ed
863 2566 959 2622 cetra.

624 2711 698 2722 ι--

578 2797 725 2851 PUNGTUM
742 2801 760 2850 Ι.

309 2936 340 2976 BE
360 2935 506 2975 tranlucent
529 2933 683 2976 antummum
700 2937 732 2974 Ab
747 2937 824 2976 uuum
840 2939 1033 2983 acctcstnwca,

228 3036 316 3099 1003.
341 3032 363 3094 1.
381 3034 455 3094 Tam
468 3031 538 3112 jure
553 3033 689 3096 naturali
705 3053 800 3115 quarn
816 3036 924 3102 divino
937 3058 1068 3122 capaces
1082 3046 1153 3126 qui-

188 3127 261 3190 dem
276 3131 350 3186 sunt
366 3119 525 3200 regulares
536 3123 1018 3206 munierumecclesiastieorum,
1028 3133 1082 3196 sed
1096 3153 1161 3198 arn*

186 3215 249 3294 bigi
266 3219 368 3294 potest
389 3227 428 3271 an
443 3210 513 3288 J'ure
535 3209 691 3274 hodierno
706 3213 915 3278 ecclesiastico
937 3219 1063 3284 valeant
1082 3241 1154 3306 pro-

114 3319 116 3322 ·
186 3302 304 3368 moveri
330 3299 370 3362 ad
396 3298 548 3362 beneficia
573 3307 637 3362 tam
662 3309 770 3366 curata
796 3307 899 3382 quam·
922 3308 1099 3390 simplieia;
1126 3322 1159 3376 et.

185 3389 394 3474 respondetur
409 3387 494 3472 quod
510 3389 534 3450 si
556 3389 752 3471 parochiales
767 3393 904 3458 ecclesiae
917 3396 980 3458 sint
998 3413 1160 3466 monaste-

186 3483 240 3544 riis
254 3481 362 3556 unitae,
375 3479 469 3541 etiarn
482 3478 586 3560 quoad
600 3497 710 3542 curam
727 3482 918 3559 animarum,
934 3485 1053 3550 adillas
1063 3507 1080 3552 a
1092 3493 1153 3554 suis

186 3569 325 3634 Praelatis
350 3567 530 3650 promoveri
553 3577 694 3649 queunt,
711 3587 749 3632 ex
769 3570 972 3650 Tridentino,
988 3594 1063 3640 scas.
1082 3580 1151 3654 vlt,

186 3678 212 3721 c.
232 3664 269 3732 7,
292 3658 335 3720 Dc
353 3657 499 3738 reform,
516 3655 686 3720 revocabili
708 3667 813 3722 tamen
839 3663 932 3725 modo
950 3665 975 3726 si
991 3677 1103 3746 agatur
1121 3670 1161 3732 de

186 3745 418 3810 mendicantibus
432 3754 461 3807 et
474 3745 642 3822 monacile,-
659 3748 685 3810 si
701 3767 774 3812 vero
787 3749 827 3810 sit
841 3753 972 3830 questio
985 3753 1025 3819 de
1038 3761 1160 3822 caeteris
