2574 4198
468 259 555 307 marm
574 261 733 308 sucuuous.
1031 240 1093 310 64'3

115 357 258 437 proten&
270 363 302 420 2⁰
314 361 641 442 quasi-patrimonialia
651 381 704 424 seu
715 361 901 423 industrialia
913 381 981 442 quae
990 362 1090 444 acqui-

115 453 188 508 runt
201 447 303 510 clerici
314 449 353 510 ob
363 449 533 512 functiones
543 449 758 514 ecclesiasticas
771 449 1040 525 sineheneficio,ut
1054 468 1090 512 ex

94 539 99 548 '
115 535 229 612 missis,
242 537 457 616 concionibus,
473 545 544 613 etc.;
556 543 588 601 3ο
603 541 679 600 mere
692 538 886 600 ecclesaustica
901 557 968 620 quae
984 537 1092 599 haben·

116 629 165 684 tur
176 641 213 684 ex
230 624 400 701 beneficiis
415 629 450 688 4⁰
464 627 699 708 parcimonialia
717 645 787 706 quae
808 625 935 688 clericus
953 644 989 688 er
1005 626 1091 688 bonis

116 712 329 776 ecclesiasticis
352 715 497 779 subtraxit
515 717 547 778 in
561 719 616 778 sua
634 714 865 788 sustentatione,
881 715 1007 776 vivendo
1027 733 1092 796 par·

95 835 99 840 ·
116 799 185 863 ciirs
199 803 293 881 quam
306 802 432 866 honeste
448 805 546 866 vivere
560 804 714 886 potuisset

157 891 193 949 ll.
218 892 285 952 Non
300 893 397 971 agitur
409 891 457 954 lato
469 892 506 954 de
521 892 609 954 bonis
619 891 900 974 patrimonialibus:
912 891 982 952 de'
965 909 1000 952 ns
1009 908 1091 952 emm

116 977 246 1040 clericus
261 986 357 1057 potest
378 980 471 1042 libere
488 980 901 1061 disponero,ci1mplenum
922 995 1030 1041 eorum
1044 978 1093 1038 ha·

118 1064 188 1128 beat
201 1066 385 1131 dominium.

157 1156 207 1218 lll.
231 1155 315 1217 idem
330 1164 375 1219 est
394 1156 558 1221 dicendum
580 1157 619 1220 de
633 1158 722 1222 bonis
735 1158 984 1232 incusantibus,
1007 1157 1092 1240 juxta

117 1244 302 1306 sententiam
316 1263 523 1322 communem,
541 1246 690 1328 quidquid
709 1247 871 1310 nonnulli
863 1267 895 1310 m
907 1249 1092 1310 contrarium

117 1331 245 1395 dicant:
262 1332 345 1396 undo
371 1334 510 1412 clericus,
531 1354 582 1415 qur
576 1335 635 1398 'de
650 1337 712 1398 suis
726 1335 813 1398 bonis
834 1336 1092 1418 patrimonialibus

117 1427 169 1483 aut
187 1420 416 1484 industrialibus
429 1423 560 1496 viveret,
576 1425 648 1486 aut
641 1443 671 1485 m
687 1424 751 1505 pias
771 1443 877 1486 causas
892 1424 1089 1504 expenderet,

117 1519 220 1591 posset
240 1511 429 1573 tantumdem
449 1511 585 1592 accipere
607 1513 645 1575 de
670 1511 756 1575 bonis
781 1513 1008 1590 ecclesiasticis,
1034 1513 1089 1576 nisi

117 1595 206 1673 torte,
223 1608 256 1661 ut
270 1600 379 1680 excipit
393 1602 424 1664 S.
441 1600 562 1679 liguor.
576 1600 640 1681 (lib.
658 1603 689 1673 3,
705 1610 740 1662 n⁰
751 1603 822 1676 481,
839 1603 860 1681 l)
870 1649 877 1680 ‚
889 1601 1015 1663 clericus
1029 1619 1090 1662 non

117 1685 244 1750 liaberet
264 1688 452 1769 superlluum
475 1688 622 1750 debonis
646 1689 872 1762 ecclesiasticis,
895 1694 985 1768 atque
1006 1707 1092 1770 prop

118 1780 164 1837 ter
189 1777 399 1838 necessitatem
428 1775 590 1856 indigentis
619 1781 773 1838 teneretur
796 1775 845 1837 hic
867 1782 898 1838 et
919 1795 1002 1838 nunc
1022 1776 1092 1838 huic

119 1864 280 1926 subvenire
303 1883 339 1925 ex
364 1865 506 1945 propriis;
535 1882 622 1926 secus
641 1871 742 1926 autem
767 1863 791 1924 si
806 1863 855 1926 hio
878 1870 908 1925 et
926 1883 1008 1926 nunc
1030 1883 1090 1926 uon

119 1957 274 2014 teneretur
288 1952 325 2014 ad
343 1954 567 2033 eleemosynam
582 1957 614 2013 et
632 1951 786 2014 habuisset
799 1951 997 2016 intentionem
1011 1971 1093 2016 oom-

118 2040 280 2122 pensandi.

143 2129 349 2216 ⁸Probabiliirs
361 2135 406 2191 est
419 2130 449 2190 in
465 2129 607 2210 profanos
620 2148 693 2193 usus
712 2147 801 2211 posse
813 2130 942 2212 expendi
956 2130 1093 2194 distribu-

118 2219 218 2281 tiones
232 2218 380 2280 chorales.
1070 2295 1071 2302 ἵ

156 2307 209 2368 lV.
233 2305 317 2368 ldem
329 2309 375 2366 sat
389 2305 592 2368 communiter
604 2307 714 2370 dicitur
734 2307 772 2370 de
792 2307 881 2368 bonis
895 2309 1092 2387 parcimonia·

118 2395 214 2470 libus,
238 2413 275 2456 ex
289 2395 465 2456 auctoriam
479 2393 511 2456 S.
535 2394 660 2458 Thomae
674 2399 715 2473 (2,
730 2399 761 2470 ἓ,
776 2414 807 2476 q.
828 2399 896 2472 185,
913 2403 968 2458 art.
983 2401 1025 2474 7),
1041 2399 1091 2459 ubi

117 2485 160 2548 ait
175 2505 183 2547 :
205 2506 221 2543 u
234 2486 277 2544 De
290 2482 337 2543 his
351 2489 453 2544 autem
467 2501 535 2562 quae
551 2489 623 2545 sunt
636 2483 807 2565 specialiter
820 2488 873 2544 tuo
889 2485 957 2545 usui
968 2486 1093 2562 (seilicet

121 2595 137 2634 ι
157 2571 272 2650 clerici)
286 2571 448 2652 deputata,
467 2571 584 2633 videtur
604 2591 670 2634 esse
685 2571 791 2633 eadem
811 2570 887 2634 ratio
907 2591 974 2652 quae
993 2579 1038 2634 est
1054 2573 1092 2637 de

122 2683 138 2722 ι
158 2661 292 2764 propriis
303 2659 401 2721 bonis.
406 2677 431 2718 ‘a
453 2661 490 2719 Et
504 2659 579 2721 ratio
593 2665 639 2722 est
652 2659 723 2742 quia
738 2659 852 2722 tructus
867 2659 1005 2724 beneficii
1022 2662 1090 2724 dan

119 2750 190 2814 tur
182 2769 214 2812 rn
228 2747 411 2830 stipendium
427 2747 575 2826 laborum,
592 2750 697 2810 saltem
710 2751 795 2827 juxta
809 2749 966 2810 honestam
978 2757 1093 2813 susten·

119 2839 279 2913 lationem,
295 2836 397 2898 unde
389 2855 420 2897 m
435 2836 471 2898 iis
485 2835 633 2917 plenum
623 2855 673 2915 Jus
687 2836 777 2898 habet
790 2835 1011 2908 beneficiarius
1028 2837 1091 2900 etsi

119 2927 193 3009 quid
207 2925 246 2988 ab
260 2925 386 2987 honeste
400 2926 616 2987 sustentatione
626 2922 764 2985 detrahat
766 2927 889 3003 ,potest
902 2922 940 2983 de
952 2925 989 2985 ed
1003 2915 1091 3004 plene

118 3016 304 3098 disponere.
316 3013 440 3075 aliunde
452 3013 531 3075 bona
547 3011 771 3094 parcimonialia
784 3027 845 3072 non
859 3013 921 3071 taim
934 3017 1005 3072 sunt
1018 3011 1089 3075 fruo

119 3109 168 3168 tus
181 3102 373 3180 ecclesiastici
386 3104 478 3184 quam
488 3102 603 3164 tructus
612 3100 738 3163 industr
731 3119 776 3162 1ae

160 3195 196 3256 V.
222 3193 317 3271 llajor
329 3199 374 3253 est
387 3189 547 3254 difficultas
559 3190 696 3252 debonis
710 3189 793 3251 mere
807 3188 1013 3252 ecclesiasticis
1024 3209 1091 3272 quae

119 3281 254 3345 honestae
266 3280 473 3342 sustentationi
488 3285 661 3362 supersunt.
674 3279 795 3341 Certum
809 3285 852 3339 est
865 3277 988 3377 quidem
1003 3279 1092 3343 bene-

119 3370 249 3435 ficiarios
270 3369 365 3430 teneri
388 3367 445 3431 sub
466 3368 584 3430 mortali
602 3367 742 3448 elargiri
735 3385 766 3428 m
781 3384 854 3428 usus
866 3367 933 3447 pios
946 3373 998 3430 aut
1010 3369 1092 3432 elee-

118 3473 263 3542 mosynas
292 3457 400 3520 omnes
428 3455 562 3519 redditus
594 3457 646 3537 qui
677 3462 838 3536 supersunt
867 3473 929 3517 suae
960 3456 1091 3519 honestae

116 3545 328 3612 sustentationi
344 3565 353 3608 ι
369 3545 407 3608 ita
422 3547 453 3608 S.
469 3545 576 3607 Thom.
594 3545 642 3626 (2,
656 3547 694 3623 2,
716 3563 747 3624 q.
773 3545 845 3618 185,
861 3550 917 3605 art.
933 3545 984 3626 7),
998 3546 1089 3606 etalii

116 3634 323 3701 ⁴communiter
338 3652 347 3698 z
362 3634 406 3698 sic
419 3634 502 3696 enim
520 3633 609 3695 habet
622 3651 689 3714 cap.
712 3630 851 3714 Qua’rquis
865 3636 917 3708 lu,
931 3651 1020 3694 causa
1034 3637 1088 3709 lt,
1144 3689 1146 3694 .

119 3743 149 3807 q.
165 3731 208 3787 2:
230 3745 246 3784 e
267 3723 410 3804 Quisquis
429 3723 595 3803 Episorpus
615 3721 661 3782 vel
681 3720 781 3782 Abbas
797 3720 936 3782 inventus
950 3721 1040 3782 luerit
1052 3721 1089 3782 de
