2552 4204
497 293 581 338 tinen
602 293 734 338 rannus.
1045 277 1097 336 ‘llil

124 395 210 458 cium
226 394 386 473 cauponis,
395 393 441 454 vel
458 393 632 468 macellarii,
648 395 692 454 vel
708 413 859 470 scurrum,
875 402 906 458 et
914 402 959 458 ter
969 397 1101 457 monitus

123 502 188 545 non
204 489 316 557 cesset;
335 481 381 543 vel
403 481 476 542 siin
500 480 647 542 seditione
668 482 946 562 deprehenderetur
968 492 1102 546 armatus

121 579 153 634 et
166 570 360 634 crudelitates
370 587 514 632 exercens
534 572 613 649 (cap.
633 569 706 632 Cum
722 571 760 632 ub
778 571 896 636 domine
918 579 973 649 ll,
989 579 1020 635 el
1033 592 1099 654 cap.

121 659 343 742 Perpendt'mus
360 663 412 730 23.
429 659 464 720 de
476 667 549 720 sent.
564 663 719 737 excomm.)
735 681 743 735 ;
759 661 805 722 vel
820 664 844 722 si
860 663 1000 724 inventus
1013 662 1101 724 luerit

120 753 251 830 turpiter
262 767 357 828 agens
375 766 446 810 cum
468 767 573 821 uxore,
596 754 702 824 matre,
728 767 842 824 sorore,
863 751 990 827 cellita,
1011 751 1057 812 vel
1075 752 1101 812 si

121 839 283 900 mulierem
300 837 473 898 sollicitaret
496 836 533 897 ad
557 838 802 917 turpitudinem:
821 839 891 919 quia
910 839 1100 921 privilegium

121 933 198 990 lunc
210 926 319 987 atnittit
335 931 411 1008 (cap.
428 924 464 988 St
477 927 543 986 vero
554 931 583 998 3,
600 925 634 987 de
651 933 724 987 cent.
737 928 905 1009 excomm).

161 1019 234 1079 895.
257 1015 381 1087 Quaerit.
406 1020 473 1088 An,
492 1015 522 1075 in
544 1011 627 1076 omni
649 1034 731 1086 casu,
749 1015 780 1079 S.
801 1015 939 1079 Pontifici
953 1021 1101 1079 reservata

122 1105 163 1168 sit
176 1103 454 1167 excommunicatio
463 1121 555 1184 quam
571 1104 731 1167 incurrunt
744 1105 923 1168 clericorum
938 1125 1099 1188 percusso·

118 1194 203 1257 rest

161 1286 254 1362 Resp.
271 1286 344 1345 Tres
356 1281 468 1363 gradtm
477 1282 622 1365 distingui
632 1285 663 1345 in
679 1286 822 1365 gravitate
836 1285 926 1366 hujus
946 1285 1098 1348 criminis:

119 1374 180 1436 'alia
193 1372 276 1435 enim
292 1379 336 1434 est
351 1373 506 1451 percussio
529 1391 597 1454 quae
618 1373 797 1438 hebetarat
817 1375 966 1442 enormia:
986 1375 1044 1437 alia
1066 1381 1101 1438 ut

122 1461 278 1522 mediocris
294 1479 347 1522 seu
362 1459 480 1540 prucia;
497 1461 555 1521 alia
569 1462 694 1522 tandem
710 1468 743 1522 ut
760 1461 841 1535 levis,
857 1480 927 1544 quae
944 1461 1010 1524 talis
1021 1469 1099 1526 atta-

122 1569 271 1612 mennon
288 1549 397 1611 dicitur
413 1549 495 1630 qudd
513 1550 550 1610 sit
571 1552 688 1611 tantum
704 1557 861 1629 peccatum
882 1551 1009 1626 veniale,
1028 1555 1099 1616 cirm

125 1656 288 1720 nunquam
303 1637 575 1699 excommunicatio
590 1639 687 1715 major
702 1638 918 1718 possitincurri
933 1638 1098 1704 obveniale

124 1735 301 1810 peccatum,
321 1726 373 1787 sed
396 1725 467 1787 levis
488 1725 598 1787 dicitur
612 1745 666 1806 per
691 1725 948 1806 comparationem
969 1728 1007 1788 ad
1028 1729 1101 1793 alias

124 1835 230 1899 proces
244 1822 296 1878 aut
314 1834 442 1877 enormes
460 1815 681 1894 percussiones.
699 1817 743 1876 De
757 1815 815 1875 illis
840 1814 935 1876 tribus
958 1816 1100 1896 gradibus

124 1906 356 1987 percussionum
366 1904 410 1965 sic
421 1903 510 1965 habet
520 1906 639 1964 Extrav.
650 1903 825 1964 perlectum:
846 1905 1100 1984 «Respondemus

127 2014 144 2054 c
163 1995 394 2076 percussionem
410 1994 505 2054 levem
526 2011 592 2054 esse
607 1993 715 2074 pugni,
728 1993 850 2075 palmae,
866 1995 985 2068 manus,
1002 1995 1099 2076 pedis,

126 2106 142 2142 u
161 2081 627 2165 digiti,autbaculi,autlapidis‚
639 2083 1099 2167 quaenullammaculamneque

126 2196 141 2232 a
158 2173 404 2254 suggillationem
419 2170 558 2233 carnium
571 2173 725 2254 relinquit,
737 2191 836 2254 neque
846 2173 995 2234 abscindit
1006 2192 1099 2236 mem·

125 2284 142 2322 u
159 2263 263 2337 brum,
277 2261 343 2322 sine
361 2260 546 2322 extractione
558 2261 717 2336 dentium,
733 2261 799 2322 sine
813 2261 968 2323 avulsione
984 2264 1098 2325 multo·

124 2373 142 2412 ι
160 2370 231 2415 rum
246 2349 511 2432 capillorum,sint
522 2349 668 2412 effusione
680 2351 959 2430 multisanguinisu
970 2351 1100 2428 (tattsest

120 2459 195 2522 ergo
210 2439 365 2522 percussio
378 2437 484 2520 levid.
507 2461 521 2496 e
539 2439 687 2501 Nolumus
709 2446 811 2500 tamen
826 2440 926 2500 dicere
940 2439 1023 2520 quod
1038 2441 1099 2504 hu-

123 2553 140 2590 (ι
156 2529 293 2609 jusmodi
318 2529 390 2590 levis
408 2527 600 2608 percussio...
617 2528 670 2588 fiat
682 2534 765 2590 atrox
780 2528 819 2588 ob
835 2527 920 2590 multi
942 2530 1099 2607 sanguinis

122 2642 139 2679 e
160 2619 354 2682 effusionem.
371 2614 416 2676 Ad
426 2616 627 2693 judicandum
639 2624 752 2690 tamen,
769 2635 838 2696 quae
854 2616 936 2677 laesio
955 2616 993 2677 sit
1008 2617 1097 2696 levis,

123 2731 139 2765 a
160 2707 325 2770 mediocris
338 2709 391 2768 aut
413 2705 563 2780 enormis,
584 2705 727 2767 volumus
753 2704 913 2784 diligenter
931 2705 1096 2786 perpendi,

122 2820 139 2853 e
160 2815 224 2858 non
234 2795 335 2858 sotum
348 2794 472 2871 lactum,
488 2793 541 2854 scd
556 2793 646 2854 etiam
661 2793 835 2871 qualitatem
848 2795 914 2871 eius
928 2801 958 2855 et
972 2793 1099 2856 modum

123 2909 139 2942 a
160 2885 352 2967 percutiendi
366 2903 437 2948 cum
459 2882 602 2946 omnibus
616 2883 679 2943 suis
697 2882 933 2944 circumstantiis
948 2881 1018 2957 loci,
1035 2901 1099 2963 per

124 2998 138 3033 r
160 2993 256 3049 sonae,
272 2982 301 3035 et
313 2973 389 3035 aliis.
406 2976 556 3044 Personae,
569 2971 593 3031 si
604 2979 649 3031 est
659 2970 810 3050 magister,
825 2969 930 3048 Judex,
943 2971 1097 3047 praetatus,

123 3085 140 3121 u
160 3069 258 3144 pater,
274 3071 430 3142 patronus,
442 3069 494 3123 aut
503 3061 648 3142 Dignius,
660 3077 822 3140 percussus
832 3061 943 3138 injusto
953 3061 970 3120 a
979 3059 1100 3125 subdito

124 3177 139 3210 a
160 3160 212 3214 aut
224 3151 262 3212 ab
272 3151 331 3212 alio
341 3171 372 3214 se
381 3151 571 3232 viliori,quia
580 3168 617 3212 ex
629 3148 1017 3212 hocinterdumceusentur
1027 3169 1097 3230 gra-

123 3263 138 3297 «
159 3258 211 3302 ves
228 3238 358 3318 iujuriae,
372 3258 441 3320 quae
451 3257 488 3301 ex
503 3256 535 3300 sc
548 3243 619 3298 suut
631 3238 711 3298 leves
724 3244 775 3298 aut
790 3236 968 3298 mediocrcs.
982 3238 1018 3298 Et
1029 3239 1098 3319 quia

121 3352 137 3386 c
160 3327 297 3390 conditio
312 3329 424 3410 negotii
440 3346 501 3390 non
516 3326 625 3406 patitur
648 3326 798 3403 integram
812 3326 1097 3392 determinationem

121 3443 136 3472 «ι
160 3416 255 3496 hujus
270 3417 331 3492 rei,
354 3417 557 3498 relinquimus
581 3421 634 3476 tuo
654 3415 792 3488 arbitrio,
818 3420 852 3476 ut
876 3414 1011 3478 declares
1032 3438 1098 3499 qua

122 3531 136 3560 u
160 3505 199 3566 sit
210 3505 303 3581 levis,
328 3513 357 3567 et
378 3525 446 3588 quae
467 3503 600 3567 enormis
618 3503 749 3581 iniuria,
766 3502 966 3566 admonentes
989 3515 1020 3568 ut
1042 3525 1097 3586 po-

122 3617 138 3651 r
159 3595 221 3656 tiits
230 3593 366 3656 declares
380 3595 411 3656 in
427 3594 520 3656 dubio
530 3611 595 3656 esse
611 3592 838 3674 percussionem
854 3613 994 3670 gravem,
1013 3605 1044 3654 et
1061 3595 1099 3655 alr

122 3709 137 3740 e
158 3687 196 3745 ea
224 3701 287 3746 non
303 3700 392 3764 posse
403 3683 568 3758 absolvere,
590 3699 698 3763 quam,
721 3681 904 3744 declarando
923 3683 1019 3742 levem
1035 3699 1098 3743 esse

124 3795 138 3830 r
160 3771 354 3834 occasionem
376 3773 512 3853 praebeas
531 3769 660 3832 laedendi
681 3775 792 3832 statum
817 3771 1095 3832 ecclesiasticunr.a
