2574 4198
446 260 529 306 arnan
551 261 709 308 sccundus.
1009 251 1065 310 587

93 385 106 418 a
128 360 236 433 inerit,
253 361 341 423 annis
357 365 433 425 1748
445 369 474 424 ct
489 368 585 437 llll,
607 363 759 426 innovatio
771 363 927 440 breviarii,
944 363 1078 429 missalis.

93 476 106 506 r
129 449 433 528 cenomanensium,
460 453 476 513 a
501 453 560 514 ritu
583 455 721 514 Romano
740 471 862 533 prorsus
879 453 1067 530 alienorum,

94 562 107 592 a
129 538 243 600 amotis
266 539 351 620 priirs
374 539 524 602 ueteribus
544 539 581 602 ad
600 539 728 601 formam
744 543 913 602 Romanam
928 540 1069 604 correctis

94 653 107 682 r
129 625 283 687 breviario
304 631 336 688 et
358 626 490 696 missali,
515 628 577 690 sold
591 628 734 708 Episcopi
747 636 776 690 et
792 629 917 708 Capituli
932 627 1069 692 Ecclesiae

94 741 107 770 c
129 714 372 776 Cenomanensis
383 715 787 792 auctoritate,ctinconsultd
798 716 874 778 Sede
888 718 1068 797 Apostolica,

94 800 212 864 «lacta
234 810 286 864 aut
309 802 459 884 probata?
473 838 514 852 -
535 806 726 886 Responsum
751 810 797 867 est
821 825 829 864 :
854 805 997 885 Nepotial
1014 809 1065 867 ἱ.»

91 893 187 954 Porrd
198 892 281 971 quod
295 892 481 954 declaratum
494 892 550 954 luit
561 899 619 975 'pro
633 893 755 956 dioecesi
769 894 1002 968 cenomanensi,
1018 913 1069 973 ap-

93 981 271 1062 plicandum
293 989 339 1044 est
357 981 472 1042 caeteris
493 981 675 1044 dioecesibus
699 981 876 1044 ubisimilcs
890 981 1070 1043 mutationes

92 1069 309 1148 contigerunt,
326 1076 446 1150 propter
461 1072 621 1151 paritatem
635 1070 771 1134 rationis.

132 1160 197 1219 Nec
224 1156 308 1220 dicas
336 1159 507 1239 hujusmodi
537 1160 670 1240 liturgias
696 1159 844 1239 legitimas
866 1159 993 1221 erasisse
1018 1177 1070 1239 per

93 1245 302 1327 praescriptam
326 1247 576 1310 consuetudinem
604 1267 611 1309 :
639 1266 710 1310 nam
733 1249 770 1310 de
794 1248 915 1329 liturgid
935 1249 1069 1326 ejusdem

93 1334 236 1398 dioecesis
247 1336 484 1398 Cenomanensis
498 1339 658 1400 consulta:
678 1337 815 1400 «Utrum
835 1337 940 1398 saltem
961 1336 1068 1415 hujus·

99 1447 112 1480 r
135 1423 219 1484 modi
240 1424 358 1504 liturgia
372 1424 401 1486 vi
417 1425 640 1505 prescriptionis
661 1444 716 1488 seu
733 1425 960 1487 consuetudinis
974 1444 1068 1486 saccu-

99 1535 113 1567 α
135 1511 208 1574 laris
223 1511 300 1574 lacta
313 1513 352 1574 sit
367 1513 514 1594 legitima,
532 1515 570 1575 ita
585 1520 618 1576 ut
631 1513 756 1595 quilibet
771 1513 909 1576 sacerdos
923 1513 1068 1574 Cenoma·

99 1623 113 1655 r
134 1601 242 1662 nensis
254 1600 349 1682 possit
362 1619 430 1664 eam
445 1605 506 1665 tun
521 1603 704 1664 conscientia
717 1600 860 1664 servaret
875 1604 905 1663 S.
921 1602 980 1663 Rit.
995 1603 1069 1662 Con·
1177 1671 1179 1675 ,

98 1712 112 1746 a
132 1689 272 1771 gregalio
287 1690 459 1770 respondit:
476 1688 652 1772 Νθραιίυὲ.»
669 1689 756 1754 Unde
769 1690 902 1752 Ecclesia
913 1707 1069 1770 nunquam

93 1778 250 1840 consensit
273 1777 446 1858 hujusmodl
470 1778 752 1842 consuetudinibus.
781 1778 866 1838 Ratio
892 1784 994 1838 cutem
1016 1796 1069 1839 cur

94 1866 228 1928 Ecclesia
242 1885 302 1929 non
318 1867 470 1930 consensit
479 1873 534 1942 cst,
549 1867 595 1928 vel
603 1865 684 1947 quod
700 1865 872 1944 hujusmodi
884 1866 1069 1928 consuetudo

91 1974 187 2036 prono
209 1956 265 2026 sit,
289 1962 324 2020 ut
347 1955 477 2035 loquitur
500 1957 611 2018 Suarez
634 1954 689 2035 (Dr
702 1953 816 2036 neap„
833 1960 905 2016 tom.
919 1957 955 2031 2,
971 1953 1022 2016 lib.
1038 1959 1068 2031 l,

93 2063 159 2124 cap.
171 2047 226 2120 23,
239 2053 272 2106 n·
285 2044 348 2123 ln),
365 2043 408 2106 vel
424 2043 505 2125 quod
521 2061 641 2122 semper
657 2048 814 2124 permanet
828 2043 974 2106 motivum
988 2044 1069 2125 quod

93 2134 213 2215 impulit
228 2132 266 2194 ad
282 2133 380 2214 legem
395 2133 519 2194 Pinnem
536 2133 701 2195 ferendam.

130 2226 204 2284 743.
229 2223 350 2294 Quaerit.
375 2225 403 2282 t⁰
418 2226 463 2281 ‘ln
481 2223 662 2284 benenctarii
678 2240 748 2284 suos
763 2221 873 2283 faciant
887 2221 1000 2285 fructus
1017 2240 1066 2303 per

92 2311 302 2373 recitationem
311 2311 942 2390 breviariicontradispositionesBullarum
951 2313 982 2374 S.
993 2311 1067 2372 PiiV

92 2399 174 2480 apud
189 2418 247 2462 nos
261 2399 449 2462 introducti?

131 2492 226 2570 Resp.
249 2489 280 2550 S.
303 2489 390 2550 Pium
408 2491 446 2563 V,
468 2493 502 2550 ut
521 2507 611 2570 supra
631 2489 789 2550 retulimus
804 2486 850 2568 (η’
865 2489 955 2568 740),
972 2489 1003 2549 in
1014 2491 1066 2550 sud

91 2579 222 2640 Constit.
240 2576 323 2653 (laod
342 2577 360 2636 ὰ
382 2576 494 2650 Nolis,
506 2578 608 2658 aparte
622 2576 810 2640 declarasse:
829 2576 1017 2638 «Neminem
1032 2595 1066 2638 ex

96 2690 110 2726 ι
131 2667 168 2728 iis
185 2667 298 2748 quibus
319 2665 375 2728 hoc
391 2665 510 2728 dicendi
533 2666 739 2746 psallendique
763 2683 875 2728 munus
898 2667 1068 2728 necessario

97 2779 110 2812 r
131 2755 310 2837 impositum
325 2759 381 2825 est,
396 2753 451 2815 nisi
466 2753 522 2816 hdo
535 2754 599 2816 sola
612 2754 741 2816 formula
754 2755 923 2817 satisfacere
938 2773 1024 2834 posse
1035 2777 1065 2816 r.

93 2845 169 2906 Ciam
186 2853 287 2906 lamen
300 2843 454 2924 illegitima
472 2843 619 2904 Brevioria
635 2843 811 2915 recitantes,
828 2844 944 2904 soleant
956 2860 1022 2904 esse
1037 2844 1068 2902 in

94 2933 173 2996 bona
187 2933 265 3010 fide,
278 2931 442 2994 dicendum
456 2936 502 2994 est
518 2949 571 2992 eos
589 2929 627 2990 ad
645 2929 866 2990 restitutionem
883 2946 945 2990 non
958 2931 1068 3007 teneri,

94 3023 151 3084 nisi
165 3021 291 3104 quando
312 3037 374 3082 non
393 3025 647 3101 consumpserunt
663 3018 778 3080 fructus
793 3017 932 3079 beneficii
946 3035 1064 3098 perma-

95 3119 201 3173 nentes
221 3111 252 3172 in
277 3109 358 3170 bona
380 3109 458 3185 lide,
483 3111 528 3170 vel
551 3109 606 3169 nisi
631 3107 739 3169 exinde
762 3106 885 3168 ditiores
906 3107 1065 3169 evaserint.

93 3202 239 3280 losuper,
267 3198 337 3260 licet
363 3196 536 3276 huiusmodi
564 3196 678 3260 fructus
713 3215 773 3258 non
804 3194 1065 3276 consumpserint,

93 3290 202 3351 merito
219 3286 415 3369 presumitur
429 3286 510 3366 quod
525 3285 779 3347 condonationem
797 3283 883 3345 facile
897 3283 1065 3352 obtinerent

90 3377 109 3437 l
131 3379 162 3439 S.
193 3376 291 3454 Sede,
312 3374 483 3456 adquam,
503 3376 532 3436 in
551 3375 609 3436 hoc
628 3392 699 3436 casu
714 3421 722 3450 ,
740 3391 816 3452 opus
839 3377 885 3433 est
908 3391 1064 3436 recursum

92 3465 213 3528 habere.

92 3601 96 3606 ’
121 3606 203 3658 'Vide
222 3605 346 3670 integram
367 3605 553 3670 responsionem
576 3604 642 3670 apud
660 3603 736 3653 Bouix
755 3605 800 3668 (lle
816 3605 1063 3670 tantummono

92 3678 181 3728 calcent
191 3676 301 3742 Operis).
318 3675 385 3725 ldem
396 3681 529 3725 constater
546 3676 637 3726 recenti
650 3689 760 3740 respons.
771 3676 840 3726 Gard.
853 3677 939 3726 Patrizi
953 3678 982 3725 ad
991 3677 1062 3727 Gard.

93 3749 118 3800 ll.
133 3749 238 3802 Bonald.
252 3765 259 3798 z
275 3747 403 3800 ridolto.
422 3749 462 3796 des
472 3749 577 3797 sceneca
594 3744 664 3806 eccl,
677 3749 708 3797 ill
720 3748 781 3795 avril
795 3747 866 3804 1863,
883 3763 906 3805 p.
921 3748 976 3797 384.
