2574 4198
457 275 543 320 arnan
564 275 694 321 rannus.
1009 267 1063 323 dit

84 375 209 438 claratio
220 374 341 454 judicis,
354 376 426 456 quia
438 365 529 437 nimis
542 375 635 438 ardua
649 381 678 437 et
692 373 919 437 inobservabilis
928 383 1007 436 essct
1018 375 1067 438 illa

85 464 131 526 lex
147 462 326 526 humanavi
340 463 428 545 cujus
442 483 513 527 reus
527 464 656 545 ipsemet
670 463 792 525 deberet
809 481 932 544 poenanr
948 463 978 524 in
993 464 1071 547 seip-

86 570 155 616 sum
179 553 310 632 exequi;
335 571 392 615 nee
407 553 535 634 proinde
554 552 695 634 praesumi
711 551 801 613 debet
821 550 904 631 quod
918 552 1070 632 legislator

87 640 218 704 voluerit
239 641 337 722 legem
351 641 403 703 tali
426 643 516 704 modo
529 641 714 722 obligantem
733 641 889 720 imponere
906 660 913 702 :
928 641 1069 704 effectum

87 737 191 791 tamen
213 747 303 791 suum
322 729 413 792 babet
429 729 604 810 hujusmodi
623 747 714 811 poena
731 729 798 810 ipso
815 727 883 809 jure
901 729 960 791 lata
980 730 999 791 d
1021 730 1065 793 dit
1084 757 1085 762 ¹

88 817 253 899 perpetrati
265 817 376 880 delicti.

128 907 162 970 Si
177 907 307 968 verda
270 911 376 983 agatur
396 906 433 969 de
453 907 551 988 poenis
569 905 721 987 privativis
744 923 813 986 quae
826 905 998 1008 adimpleri
999 923 1066 986 pos·

89 1001 162 1058 sunt
175 995 250 1096 quin
265 994 378 1076 aliquid
394 994 467 1057 liat:
484 997 529 1058 vel
548 996 622 1058 tales
641 1012 738 1076 poenae
754 994 901 1074 privant
890 1013 958 1072 jure
972 995 1066 1076 acqui

89 1084 149 1146 sito
163 1085 215 1145 et
204 1102 268 1162 Jam
285 1101 439 1164 possesso,
455 1084 501 1147 vel
515 1084 681 1146 inhabilem
696 1083 813 1144 tantum
828 1083 959 1144 reddunt
972 1085 1032 1144 ad
1022 1101 1071 1162 jus

90 1172 215 1254 aliquod
227 1172 448 1252 acquirendum
465 1192 472 1234 :
489 1173 513 1234 si
523 1173 626 1254 prius,
640 1171 803 1253 requiritur
815 1173 962 1234 sententia
976 1171 1073 1236 decla-

91 1262 202 1322 ratoria
219 1260 337 1342 (saltem
349 1261 496 1338 criminis)
510 1269 544 1324 ut
558 1280 648 1343 paena
663 1260 757 1342 possit
770 1279 821 1322 reo
834 1261 989 1342 applicari,
1002 1263 1072 1343 quia

92 1349 163 1410 cbm
179 1349 229 1410 lex
244 1349 370 1428 poenalis
385 1348 491 1412 debeat
505 1349 599 1432 accipi
614 1351 645 1412 in
658 1348 768 1410 mitiori
778 1367 881 1425 sensu,
896 1349 960 1412 baec
970 1351 1070 1424 verba,

92 1437 181 1499 callo
195 1438 349 1520 expectato
370 1436 587 1514 declaratione,
608 1437 836 1518 intelliguntur,
861 1438 948 1500 arella
969 1458 1073 1520 capec-

94 1527 156 1588 tatd
169 1526 372 1589 declaratione
379 1546 475 1608 pana
489 1547 500 1590 .·
514 1546 551 1590 ex
566 1529 627 1608 qut
640 1527 886 1610 interpretatione
900 1545 961 1590 non
975 1529 1074 1592 exclu-

92 1615 175 1679 ditur
189 1617 338 1678 senlentia
353 1615 548 1678 declaratoria
562 1617 708 1679 crinrinis.

134 1706 165 1766 Si
178 1704 343 1786 posteritas,
363 1721 418 1766 seu
439 1705 463 1766 si
480 1721 579 1783 poenae
594 1704 745 1786 privativae
765 1703 928 1767 inhabilem
942 1703 1072 1786 aliquem

94 1793 227 1855 reddunt
249 1793 286 1854 ad
305 1792 524 1875 acquirendum
547 1793 597 1875 jus
620 1791 758 1856 nondum
780 1811 973 1874 possessum,
1001 1793 1075 1855 tales

92 1900 194 1964 poenae
207 1881 343 1960 obligant
365 1881 454 1942 etiam
478 1889 548 1944 ante
571 1880 751 1946 sententiam
773 1881 1001 1944 declaratoriam
1016 1883 1068 1944 ari·

92 1971 202 2042 minis,
220 1970 310 2032 modd
322 1974 422 2032 amen
438 1989 507 2036 rcus
523 1971 617 2052 possit
630 1989 681 2033 eas
695 1971 797 2034 subire
809 1971 874 2034 sind
889 1969 1029 2045 infamia,
1046 1977 1073 2034 et

92 2059 188 2122 modd
207 2058 317 2121 alicubi
341 2077 403 2120 non
427 2059 514 2122 aliter
534 2059 643 2122 babeat
664 2054 852 2123 consuetudo
876 2059 1061 2141 particularis

91 2149 184 2213 Unde
204 2149 229 2210 si
252 2148 320 2228 quis
338 2149 524 2210 commiserit
545 2149 661 2212 crimen
685 2149 725 2212 cb
743 2149 826 2230 qnod
847 2147 987 2211 inhabilis
1010 2151 1071 2231 ipsa

93 2237 174 2300 lacto
189 2236 326 2298 redditus
338 2243 384 2298 est
397 2237 434 2298 ad
447 2237 594 2299 beneficia
608 2238 802 2320 acquirenda,
820 2257 881 2299 non
895 2239 993 2300 solinu
1008 2258 1064 2319 pec

93 2336 142 2388 cat
164 2324 314 2388 beneficia
328 2326 530 2408 acquirendo,
544 2325 597 2388 sed
618 2325 658 2388 ita
674 2327 794 2389 nulliter
809 2326 846 2387 ad
862 2327 935 2388 illud
949 2334 993 2388 est
1005 2346 1068 2408 pro·

94 2422 217 2491 motus,
233 2421 277 2487 ut,
302 2419 370 2476 ante
394 2433 517 2477 onlnem
532 2416 712 2478 sententiam
725 2417 816 2477 etiam
830 2415 965 2478 criminis
978 2415 1072 2478 decla·

94 2505 257 2581 ratoriam‚
291 2508 429 2566 teneatur
453 2503 527 2566 illud
552 2504 717 2581 dimittere,
746 2523 817 2566 curn
844 2505 987 2565 omnibus
1013 2506 1074 2568 suia

94 2593 258 2669 fructibus,
274 2591 363 2657 etiam
378 2595 577 2673 consumptis,
591 2593 648 2654 nisi
661 2594 741 2656 bona
754 2593 812 2654 lide
822 2593 993 2673 consumpti
1008 2594 1076 2657 tuis·

94 2690 165 2746 sent
185 2681 260 2764 quin
281 2680 400 2742 divitior
420 2681 545 2743 effectus
572 2682 680 2758 lucrit;
704 2690 834 2744 attamen
857 2682 946 2744 etiam
967 2683 998 2744 in
1019 2683 1075 2749 hoc

94 2789 186 2848 casu,
202 2778 237 2832 ut
250 2787 339 2851 poena
353 2788 443 2832 suum
460 2770 600 2832 effectum
616 2771 764 2851 producat
777 2771 878 2852 quoad
898 2779 1073 2853 extrancos,

94 2860 263 2943 requiritur
274 2858 419 2921 sententia
436 2860 572 2921 criminis
584 2859 789 2920 declaratoria.

135 2949 220 3012 Nota
244 2947 351 3029 quod,
376 2948 407 3008 in
432 2966 503 3010 casu
529 2966 626 3030 poenae
648 2945 777 3028 serenda
800 2946 975 3020 scatentia,
1006 2965 1076 3012 reus

97 3057 161 3102 non
177 3043 317 3099 teneatur
338 3038 428 3116 poent
449 3036 623 3114 hujusmodi
647 3041 716 3098 ante
735 3035 915 3097 sententiam
930 3035 1075 3098 condem-

96 3129 258 3202 natoriamg
281 3125 349 3186 licet
367 3132 474 3206 agatur
496 3125 534 3186 de
552 3125 649 3206 poenis
665 3125 826 3206 privativis,
850 3124 888 3186 de
904 3125 1075 3187 inhabilita-

95 3217 176 3282 tibus
196 3221 250 3278 aut
266 3214 403 3277 censuris
419 3232 427 3274 ι
443 3215 519 3276 ratio
535 3222 580 3276 est
599 3213 670 3295 quia
691 3215 757 3276 talis
776 3231 865 3295 poena
879 3213 1017 3276 nondum
1030 3222 1075 3278 est

96 3306 220 3370 inflicta.

133 3399 206 3460 803.
230 3394 353 3468 Ouaerit.
366 3397 398 3457 2⁰
416 3396 461 3455 An
475 3390 644 3474 ignorantia
655 3397 778 3455 excuset
791 3392 809 3452 a
823 3390 934 3471 poentl
1008 3428 1010 3436 ,

134 3485 226 3566 liesp.
242 3482 446 3564 Ignorantiam
458 3483 634 3561 contingere
648 3498 736 3562 posse
750 3479 796 3542 vel
809 3480 889 3543 circa
903 3482 1014 3564 legem,
1028 3483 1072 3548 vel

95 3576 174 3639 circa
186 3591 295 3656 poenas
309 3575 326 3633 t
341 3572 424 3652 lege
416 3571 587 3652 impositam
604 3569 714 3632 iterum
724 3568 925 3650 ignorantiam
938 3583 1017 3651 assa,
1028 3575 1071 3635 val

95 3662 291 3736 vincibilem
307 3662 352 3722 vel
368 3659 583 3722 invincibilem.

135 3757 169 3818 l0
193 3753 295 3816 Solius
318 3768 416 3833 poenae
444 3748 635 3828 ignorantia,
657 3749 715 3818 etsi
734 3749 934 3826 invincibilia,
957 3750 995 3811 ab
1019 3749 1073 3813 nac
