2618 4212
177 248 238 315 lud
480 263 634 316 cucusum
655 267 736 314 runis
757 267 906 317 cineum.

641 454 695 500 vtlt

219 561 411 644 Promptum
439 560 603 623 intimetur
625 568 817 640 praeventoa
838 559 1036 624 Cancellario
1049 577 1152 626 coraci·

180 647 303 713 llirario
318 648 477 728 Generali;
493 648 557 711 sire
575 665 682 710 coram
696 647 822 712 duobus
839 648 972 711 testibus
993 647 1155 711 ecclesias·

180 737 249 802 ticis
264 746 318 800 aut
331 737 417 800 laicis
432 736 571 818 probatae
588 736 784 816 integritatis.

221 826 279 905 ll.
302 825 399 888 Actus
424 824 627 904 subsignatur
643 843 659 885 a
675 823 822 906 partibus
851 823 1060 906 praesentibus
1083 831 1116 887 et
1141 843 1159 886 a

70 932 72 943 ’
182 924 343 996 praevento
357 932 494 994 quoque.
510 913 535 974 si
548 911 634 974 velit.

221 1000 278 1079 52.
318 1000 461 1064 vicarius
481 999 641 1062 Generalis
670 999 815 1062 addicere
838 999 921 1061 valet
937 1001 1161 1080 juramentum

182 1090 327 1154 servandi
343 1099 511 1160 secretum,
526 1097 684 1169 quatenus
694 1089 724 1150 id
744 1087 916 1170 prudenter
928 1097 1055 1176 expetat
1076 1089 1162 1152 tituli

182 1177 316 1258 indoles,
334 1179 450 1261 dequo
476 1177 588 1260 agitur.

654 1342 688 1390 1x

223 1439 329 1514 Quoad
339 1438 477 1522 poenalia
489 1438 602 1513 media,
620 1437 874 1503 animadvertent
902 1438 1163 1502 reverendissimi

182 1527 349 1602 ordinarii,
365 1528 509 1610 praeseuti
530 1527 740 1590 instructione
763 1525 849 1590 haud
872 1526 1061 1608 derogatum
1095 1547 1163 1590 esse

181 1615 641 1697 iudiciorumsolemnitatibus,
653 1613 979 1698 persacrosGanones,
994 1616 1158 1697 perApos-

184 1703 293 1767 tolieas
328 1702 574 1768 Constitutiones
599 1713 630 1766 et
658 1701 736 1789 alias
765 1702 992 1766 ecclesiasticas
1024 1704 1160 1785 disposi-

184 1793 286 1856 tiones
301 1793 472 1875 imperetis,
488 1800 646 1876 quatenus
662 1790 780 1855 eaedem
802 1789 900 1854 libere
928 1791 1162 1874 efficaciterque

185 1881 341 1963 applicari
357 1889 493 1963 queant3
507 1880 561 1943 sed
583 1880 787 1944 oeconomice
800 1878 909 1944 formae
933 1880 1100 1944 consulere
1112 1883 1162 1942 in-

186 1970 320 2033 tendunt
340 1969 404 2033 illis
416 1970 542 2034 ensibus
557 1971 589 2030 in
606 1969 722 2051 quibus
737 1969 894 2032 solemnes
916 1987 1093 2052 processus
1107 1981 1163 2033 aut

187 2057 327 2122 adhiberi
341 2065 510 2140 nequeant,
524 2065 579 2120 aut
594 2075 707 2120 nones
713 2057 820 2140 pedire
831 2059 1007 2121 videantur.

223 2146 352 2210 Plenam
384 2165 512 2230 quoque
552 2148 615 2209 vim
654 2155 757 2209 servat
795 2165 884 2210 suam
922 2145 1164 2228 extrajudiciale

183 2235 358 2302 remedium
371 2237 580 2317 eei'nformute
591 2234 771 2312 conscientie
784 2253 841 2315 pro
861 2234 1165 2298 criminibusoccul-

184 2322 1161 2405 tis‚quoddecrevitS.TridentinaSynodus(insess.xxrncap.

185 2411 212 2472 l.
230 2410 423 2493 delicieris.)
438 2412 750 2491 adhibendum,com
764 2411 826 2473 illis
844 2411 963 2493 regulis
977 2421 1008 2474 et
1023 2431 1162 2476 reserre-

184 2499 335 2578 tionibus,
348 2519 427 2582 quus
440 2510 622 2564 constanter·
633 2501 769 2564 servavit
779 2515 841 2581 pro
853 2500 928 2563 dicti
940 2501 1052 2582 capitis
1067 2502 1164 2562 inter-

185 2598 357 2671 pretatione
375 2588 405 2654 S.
433 2589 639 2669 congregatio
669 2588 701 2651 in
726 2589 873 2670 pluribus
899 2589 1165 2666 resolutionibus,

184 2680 382 2760 etpreecipue
401 2679 434 2742 in
460 2680 600 2742 Bosuiee.
616 2684 644 2742 et
657 2677 801 2742 Sirmien.
818 2676 1052 2742 coaetaneus
1075 2679 1162 2742 1873.

339 2845 375 2922 ι
658 2863 681 2910 x

221 2961 325 3037 Quum
339 2961 467 3044 procedi
487 2969 629 3043 oporteat
642 2961 862 3040 criminaliter,
880 2961 946 3025 sire
962 2961 1165 3024 infractionis

184 3051 344 3132 praecepti,
359 3060 413 3114 aut
428 3051 598 3114 criminum
614 3051 847 3127 communium,
867 3049 915 3112 vel
935 3049 1041 3132 legum
1055 3049 1165 3113 Eccle-

184 3137 237 3203 siae
250 3139 431 3203 violationis
451 3143 557 3215 causei,
582 3157 747 3220 processus
772 3139 885 3204 conllei
920 3147 1023 3219 petest
1054 3138 1167 3201 formis

184 3229 364 3291 summariis
389 3237 420 3292 et
447 3227 692 3309 absquejudicii
728 3228 863 3311 strepitu
887 3227 1019 3290 serratis
1039 3245 1168 3312 semper·

184 3317 300 3398 regulis
310 3317 440 3398 justitiae
455 3317 728 3381 substantialibus.

660 3495 691 3540 til

222 3587 388 3656 Processus
403 3591 569 3656 instruitur
595 3609 635 3657 ex
648 3593 746 3674 officio
768 3597 822 3655 aut
844 3591 876 3653 in
896 3588 1060 3674 sequelam
1088 3609 1189 3672 sup·¹

183 3677 384 3761 plicislibelli
397 3689 428 3744 et
439 3680 587 3764 querelae,
605 3689 660 3745 eut
683 3681 814 3760 notitiae,
831 3680 1010 3762 ullomodo,
1025 3697 1045 3746 a
1069 3677 1164 3743 Curia
