2574 4198
227 288 287 346 598
487 297 653 359 Ἰιιιςιιιςκτικ
675 297 759 343 aunis
779 296 927 342 canonici.

227 394 282 455 nisi
298 392 423 456 ecclesia
445 395 565 474 propria
581 413 642 457 nnn
667 394 815 476 indigeret
834 392 1072 469 restauratione,
1088 399 1118 454 et
1133 389 1207 452 aliae

225 481 359 545 ecclesia
369 481 569 564 eleemosynis
578 483 759 565 indigerent.
771 483 902 544 Nomine
917 490 1018 544 autent
1033 499 1205 563 pauperum

225 568 349 649 intelligi
366 577 491 651 possunt
510 589 659 653 pauperes
672 573 894 651 cujuscumque
908 570 988 645 loci,
1006 577 1037 633 et
1050 571 1143 631 etiam
1163 570 1205 629 in·-

224 657 401 738 telliguntur
415 658 564 736 defuncti,
581 667 632 722 aut
647 661 709 740 ipse
724 659 950 731 beneficiarius,
967 659 992 721 si
1007 660 1078 720 verb
1089 676 1205 739 pauper

225 745 273 818 sit,
287 746 343 807 nisi
359 745 390 807 in
405 746 542 809 iraudem
554 747 688 810 odicium
703 749 854 810 omisisset
868 748 967 809 sciens
981 765 1070 828 posse
1082 746 1123 808 ob
1134 765 1204 827 pau·

225 841 370 914 pertatem
385 836 440 897 sibi
457 838 585 899 retinere
600 836 768 900 ir·uctus.-
781 836 933 916 Quidquid
947 843 1047 897 autem
1063 835 1202 896 nonnulli

225 920 345 999 dicant,
363 942 424 986 non
444 925 560 987 videtur
574 926 656 1008 qudd
672 925 883 988 beneficiarius
901 924 1050 985 eximatur
1068 923 1107 984 ab
1122 923 1201 984 obli-

225 1011 344 1092 gatione
359 1011 472 1076 fructus
485 1014 658 1076 restituendi
674 1033 727 1096 per
745 1014 978 1095 applicationem
993 1031 1120 1074 suarum
1136 1031 1200 1092 pre-

226 1118 295 1161 cum
306 1102 463 1164 animabus
477 1104 641 1184 purgatorii
648 1124 658 1179 ;
670 1103 722 1165 sed
736 1110 838 1184 posset
847 1102 911 1164 aliis
926 1101 1040 1163 solvere
1051 1101 1201 1181 ejusmodi

226 1187 340 1250 fructus
353 1196 386 1250 ut
399 1191 503 1253 missas
513 1193 557 1253 vel
568 1193 625 1254 alia
635 1192 776 1274 suffragia
789 1209 845 1274 pro
854 1189 1004 1253 defunctis
1015 1190 1201 1270 applicaren-

226 1282 285 1338 tur.
302 1279 343 1354 (S.
360 1278 494 1358 Lignor,
509 1280 559 1342 lib.
576 1285 607 1358 3,
623 1282 710 1358 672.)

266 1370 334 1426 755.
360 1369 482 1438 Quaerit.
502 1373 535 1430 2·
554 1369 600 1431 An
620 1387 727 1431 omnes
741 1368 857 1430 tructus
872 1365 1011 1429 beneficii
1029 1366 1090 1427 sint
1111 1367 1201 1429 resti-

227 1454 329 1515 tuendi
344 1464 465 1538 propter
479 1459 574 1520 solam
589 1459 732 1521 horarum
746 1457 962 1520 canonicarum
976 1454 1201 1517 omissionern‘l

266 1544 355 1625 itesp.
378 1546 536 1609 ltilirmare
555 1549 730 1610 Suarezium
753 1565 824 1610 curn
846 1549 933 1621 Azor,
956 1544 1028 1626 quia
1047 1544 1091 1606 sio
1112 1545 1203 1606 habet

228 1629 312 1694 Bulla
327 1635 357 1696 S.
371 1634 414 1696 Pii
427 1638 449 1695 V
461 1657 470 1713 ;
484 1636 565 1697 idem
583 1637 734 1698 aliirmant
751 1635 896 1698 Analecta
909 1633 951 1715 (3⁸
963 1633 1043 1706 liar,
1054 1634 1115 1696 col.
1132 1637 1201 1712 697)

165 1725 167 1728 ’
227 1739 283 1800 pro
296 1721 361 1785 loro
375 1731 517 1800 externo;
534 1725 634 1806 quoad
648 1733 749 1786 autem
765 1723 863 1785 lorum
878 1725 1031 1784 internum
1045 1721 1202 1784 udhaerent

228 1813 382 1876 sententiae
394 1817 425 1876 S.
441 1815 593 1895 Ligunrii;
610 1815 662 1876 sed
675 1813 870 1877 communius
885 1818 994 1891 negant
1004 1810 1201 1891 probabiliter

201 1903 207 1910 '
228 1899 363 1981 plerique
378 1906 453 1979 ΒΗ,
469 1905 521 1984 qui
536 1904 640 1966 dicunt
655 1921 707 1964 eos
721 1903 838 1963 tantiun
853 1899 992 1962 berreficii
1008 1900 1125 1961 tructus
1136 1919 1201 1963 esse
1279 1943 1280 1950 .

228 1989 442 2069 restituendos,
458 1993 509 2073 qui
525 1991 761 2073 correspondent
776 1990 860 2052 oneri
875 1988 964 2052 allucii
979 1988 1084 2050 omissi
1100 2008 1108 2049 :
1125 1992 1201 2051 ratio

228 2076 299 2156 quia
318 2077 367 2140 sic·
382 2097 440 2141 usu
457 2087 501 2141 est
520 2087 641 2161 recepta
661 2079 745 2141 Bulla
765 2081 796 2140 S.
816 2079 858 2141 Pii
874 2081 908 2140 V.
933 2077 1018 2140 Unde
1035 2079 1198 2158 parochus,

227 2166 273 2226 rel
287 2165 452 2248 Episcopus
466 2167 503 2230 nd
515 2176 664 2249 quartam,
680 2176 731 2230 aut
742 2167 910 2230 secundina
922 2167 996 2229 alios
1010 2167 1048 2227 ad
1060 2167 1200 2246 quintam
1278 2215 1279 2222 ,

164 2299 166 2302 -
229 2261 342 2334 partem
358 2255 457 2317 solbm
475 2261 605 2320 tenetur.
622 2257 765 2319 Canonioi
786 2256 823 2318 ad
844 2257 963 2318 tertiam
983 2255 1028 2316 vel
1044 2263 1198 2335 quartam.

267 2345 334 2404 Non
348 2351 392 2405 est
406 2350 506 2407 autem
520 2345 663 2428 obligatio
678 2345 855 2407 restituendi
870 2345 985 2406 lruclus
1000 2343 1025 2404 si
1044 2344 1200 2406 omittatur

228 2449 297 2511 pars
312 2433 403 2494 divini
417 2433 509 2496 ollicii
526 2453 594 2515 quae
609 2437 646 2496 sit
661 2436 761 2496 minor
780 2434 841 2495 unt
856 2433 946 2514 parvi
960 2431 1053 2506 hord;
1070 2450 1161 2494 secus
1175 2434 1198 2494 si

228 2519 308 2580 illam
327 2522 482 2604 adaequet,
507 2526 596 2585 etiam
619 2522 742 2604 quando
764 2522 811 2583 illa
833 2521 956 2582 omissio
976 2519 1142 2602 adaequans
1163 2539 1197 2582 ex

227 2609 365 2689 pluribus
377 2611 594 2674 omissionibus
610 2612 640 2674 in
659 2612 784 2674 diversis
800 2610 882 2672 horis
898 2609 1034 2690 ejusdem
1047 2611 1107 2672 diei
1129 2629 1198 2672 coa·

228 2697 321 2761 tescit.

267 2789 502 2851 Controvcrtitur
516 2808 554 2850 an
570 2795 673 2871 peccel
691 2793 795 2858 contra
812 2788 959 2868 iustitiam
974 2787 1196 2865 beneficiarius,

228 2895 299 2938 casu
320 2897 381 2960 quo
402 2879 544 2940 omittens
566 2879 712 2956 officium,
737 2878 799 2939 vult
823 2877 997 2950 restituere;
1014 2876 1197 2958 probabilior

227 2967 374 3029 sententia
396 2974 496 3048 negat,
514 2969 598 3046 iuxta
618 2971 648 3028 S.
662 2967 807 3048 'Liguor.,
830 2965 882 3032 lib.
898 2969 930 3043 t,
947 2974 980 3027 n·
1002 2969 1075 3044 1453
1092 2999 1131 3014 ·-
1145 2965 1196 3029 sed
1275 3017 1276 3044 ff

227 3057 308 3117 certe
322 3067 425 3138 peccat
439 3062 540 3118 cantra
558 3057 746 3136 religionem.
1275 3045 1276 3062 ¹

670 3221 686 3304 5
707 3223 755 3285 lli.

227 3353 290 3416 sao
307 3351 481 3434 quibusnam
498 3349 592 3432 poerrr'r
607 3349 807 3431 precipimur
824 3349 957 3412 recitatio
972 3349 1070 3413 diuini
1087 3351 1194 3435 officii.

266 3502 336 3560 756.
354 3500 454 3559 Poenae
468 3495 524 3557 sub
538 3493 648 3574 quibus
661 3491 831 3574 praecipitur
849 3493 983 3556 recitatio
997 3494 1090 3556 divini
1105 3493 1202 3559 officii
1273 3501 1274 3514 ¹

227 3589 418 3650 continentur
433 3585 464 3645 in
480 3583 495 3664 5
509 3583 688 3655 Statuimas,
701 3599 774 3642 sess.
790 3582 942 3642 VConoilii
958 3585 1096 3646 Lateran.
1114 3587 1151 3662 V,
1168 3591 1195 3647 et

226 3677 257 3737 in
272 3675 397 3738 Constil.
416 3673 471 3736 Ec
484 3671 622 3753 prosimu
636 3671 667 3731 S.
690 3669 733 3729 Pii
748 3670 773 3729 V
789 3687 879 3749 supra
895 3671 1002 3732 relatis.
1026 3674 1086 3732 illm
1100 3682 1170 3734 sunt
1186 3692 1194 3734 :
1272 3749 1273 3758 ἵ

266 3769 296 3826 t·
308 3760 598 3826 Amissioiructuum
608 3756 746 3820 beneficii
757 3761 972 3839 prorattpurte
982 3761 1195 3845 temporisque
