2552 4204
490 371 575 414 traua
597 370 729 416 suarius.
1045 355 1100 415 757

125 479 170 536 est
184 471 324 544 mortale,
339 469 362 531 si
378 469 476 530 adsint
487 471 593 530 veritas
608 470 758 546 etjustitia
775 489 782 529 :
799 475 958 530 esttamen
972 469 1102 546 veniale,

123 562 197 644 quia
211 567 258 622 est
272 559 438 639 assumptio
450 558 581 618 nominis
595 558 648 618 Dei
665 557 694 617 in
711 577 822 620 vanum
836 577 843 618 :
857 559 918 619 imo
934 567 1032 637 posset
1041 578 1106 622 esse

124 651 268 724 mortale,
281 649 305 710 si
315 649 524 727 juramentum
535 651 613 710 esset
625 645 793 707 adhibitum
807 647 844 708 ari
862 647 1105 710 cronlrrmanrlam

124 739 347 801 detractionem
363 737 455 797 etiam
470 737 564 797 levem
578 755 586 806 ;
598 734 703 796 sivero
717 735 794 818 desit
805 735 911 796 veritas
928 736 1003 809 (imo
1017 737 1104 813 justi·

126 827 183 903 tia,
209 827 316 888 saltem
345 825 375 885 in
400 825 574 902 juramento
592 823 818 903 promissorio),
839 823 1047 904 juramentum
1064 831 1107 886 est

127 922 290 995 peccatum
306 913 449 983 mortale,
466 920 495 974 et
509 919 632 974 vocatur
646 913 814 993 periurium
833 931 840 973 :
859 935 874 971 n
891 913 996 974 Plures
1008 913 1108 975 adrer-

131 1023 147 1062 r
168 1004 222 1064 sits
243 1003 382 1084 periuros
402 1019 499 1081 poenae
518 1007 589 1062 sunt
608 1002 787 1062 constitutae.
815 1003 874 1062 Eos
895 1019 955 1062 non
972 1019 1059 1062 secus
1075 1020 1108 1064 aa

130 1113 148 1148 n
168 1090 253 1152 fures
277 1097 306 1152 et
334 1089 502 1161 adulteros,
531 1107 595 1150 sese
610 1088 648 1150 ab
669 1089 753 1150 altari
772 1090 956 1167 rejecturum
977 1089 1110 1151 minatur

131 1201 148 1235 u
173 1177 409 1260 chrysostomus
426 1179 528 1256 (Hom.
548 1182 583 1239 17
599 1177 633 1238 in
647 1177 766 1250 Marta,
783 1187 816 1238 n⁰
827 1182 856 1255 5)
877 1198 883 1238 :
900 1196 952 1257 per
967 1177 1109 1238 undecim

133 1291 148 1324 l
174 1269 248 1328 vero
265 1285 362 1328 annos
386 1267 611 1328 communionis
633 1273 770 1347 exportes
790 1285 855 1328 esse
876 1267 1003 1328 Basilius
1025 1265 1108 1344 J'nbel

133 1381 148 1412 α
172 1354 618 1436 (epistcuncm.Jureciviliet
627 1356 775 1419 canonico
785 1356 1110 1436 perjuriinlamessunt

131 1467 149 1499 α
173 1444 220 1522 (L.
237 1447 267 1520 8,
284 1444 356 1506 Cod.
371 1443 498 1516 Theod„
510 1443 543 1504 de
555 1443 666 1518 Paetis,
682 1463 749 1506 can.
764 1449 794 1519 9,
804 1447 931 1519 causae,
947 1465 977 1524 q.
991 1449 1019 1511 5,
1035 1442 1108 1526 etc.)

132 1556 150 1590 a
171 1539 314 1594 arcentur
333 1534 350 1593 a
368 1532 493 1594 ferendo
514 1535 688 1595 testimonio
704 1535 924 1616 (captetur,
944 1533 988 1594 De
1004 1531 1107 1615 Tot),

133 1645 150 1678 o
171 1632 263 1701 atque
282 1621 320 1682 ab
341 1621 548 1684 ecclesiasticis
570 1623 740 1695 beneficiis,
758 1629 786 1683 et
807 1623 872 1682 aliis
893 1621 1109 1700 eliamprore-

134 1733 151 1770 a
171 1729 242 1771 rum
253 1710 450 1790 criminisque
463 1711 579 1772 ratione
591 1713 687 1791 poenis
703 1711 931 1790 subjiciuntur.»
952 1713 993 1770 lta
1004 1710 1108 1772 Devoli

130 1797 223 1876 (tom.
239 1802 270 1874 l,
286 1798 330 1860 tit.
342 1802 392 1876 ln,
404 1799 423 1879 ᾖ
436 1799 481 1881 2).

577 1974 665 2054 §lt

442 2068 448 2080 ι
506 2105 551 2169 lle
570 2106 736 2188 sacrilegio.

172 2252 243 2315 893.
266 2249 464 2328 Sacrilegium
475 2253 520 2310 est
532 2249 654 2310 violatio
669 2248 712 2310 rei
727 2267 820 2311 sacrae
831 2265 884 2311 seu
899 2248 993 2312 cultui
1007 2250 1108 2320 divino

130 2339 258 2414 dicatae3
276 2337 398 2419 triplicis
413 2339 532 2418 generis
542 2345 585 2399 est
600 2358 607 2399 ε
622 2337 777 2420 personale
791 2357 852 2419 quo
864 2357 1004 2420 persona,
1021 2319 1109 2402 locale

130 2447 195 2510 quo
207 2427 306 2500 locus,
322 2431 352 2488 et
365 2426 445 2487 reale
458 2446 519 2508 quo
533 2447 581 2489 res
599 2427 664 2490 aliae
678 2427 838 2490 violantur.

172 2519 192 2578 l.
217 2515 367 2576 Persooale
379 2515 576 2578 committitur
596 2535 649 2596 per
666 2516 846 2578 clericorum
868 2518 1107 2598 percussionem,

132 2611 185 2668 eut
198 2623 304 2668 eorum
322 2605 553 2685 pertractionem
570 2605 608 2665 ad
624 2605 774 2682 judicium
793 2605 952 2680 saeculare3
969 2606 1040 2668 item
1057 2627 1109 2688 per

132 2692 319 2757 luxuriosam
337 2693 528 2755 violationem
549 2711 686 2772 personae
700 2695 763 2754 Deo
780 2700 952 2774 pernotum
967 2695 1108 2759 eastitatis

131 2790 267 2844 sacralae.
291 2781 396 2854 Quoad
422 2782 656 2863 pertractionem
680 2781 717 2842 ad
739 2781 852 2860 lorum,
878 2783 945 2845 vide
968 2784 1107 2848 Manuale

131 2872 233 2949 (4678,
251 2873 335 2952 etc).

160 2957 637 3022 Controvertiturutrumviolatio
646 2958 707 3020 voti
718 2958 755 3019 sit
766 2975 886 3038 semper
897 2959 1105 3040 saerilegium:

130 3047 319 3128 probabilius
335 3053 437 3109 autem
452 3053 496 3108 est
515 3046 595 3127 quod
611 3045 669 3108 tale
689 3047 726 3107 sit
740 3045 859 3108 violatio
872 3047 932 3109 voli
946 3051 1105 3126 eastitatis;

129 3136 194 3198 imo
213 3143 331 3199 certum
347 3143 391 3198 est
401 3135 459 3198 tale
471 3154 535 3198 esse
544 3136 738 3198 violationem
747 3135 807 3198 voti
816 3137 991 3199 solemniter
1005 3139 1107 3202 emissi

129 3225 160 3286 in
176 3224 364 3308 professione
376 3224 532 3306 religiosa,
549 3231 600 3287 aut
611 3225 642 3286 in
657 3226 848 3306 susceptione
862 3225 977 3287 ordinis
989 3227 1107 3292 subdia·
1190 3257 1195 3268 ¹

128 3315 269 3376 conatus.

169 3402 220 3464 Sic
232 3407 334 3464 autem
348 3401 386 3464 de
401 3403 596 3484 percussione
610 3404 792 3466 clericorum
808 3403 898 3466 habet
910 3424 975 3486 cap.
993 3406 1032 3470 st
1039 3410 1107 3492 qula

131 3495 178 3566 Π,
206 3510 238 3573 q.
258 3495 303 3553 4:
324 3512 340 3550 u
360 3492 390 3554 Si
417 3491 497 3573 quis,
520 3492 665 3555 suadente
693 3492 829 3571 diabolo,
853 3492 886 3554 in
900 3495 1046 3559 clericum
1060 3499 1105 3561 vel

130 3601 146 3635 a
169 3577 354 3641 monachum
373 3579 518 3643 violentas
533 3599 641 3644 manus
655 3581 804 3662 injecerit,
819 3582 1017 3647 anathematis
1037 3587 1105 3648 vin·

131 3691 146 3724 a
167 3668 237 3730 culo
250 3667 415 3748 subjaceat;
429 3677 458 3732 et
474 3670 575 3732 nullus
598 3671 819 3752 Episcoporum
841 3684 1005 3754 praesumat
1019 3675 1104 3738 illum

132 3756 338 3833 absolvere,
385 3758 443 3821 nisi
488 3760 593 3824 mortis
642 3767 769 3844 urgente
811 3761 974 3844 periculo,
1007 3762 1105 3828 donec

132 3845 341 3926 «apostolico
373 3851 550 3931 conspectui
579 3856 787 3932 praesentetur,
824 3857 853 3912 et
876 3851 941 3928 ejus
963 3851 1102 3914 innodata
