2618 4212
164 308 231 372 tlt
441 320 596 369 stannus
617 317 699 364 ruars
720 311 867 368 canorum.

170 439 262 502 lirma
277 457 345 503 esse
358 448 388 504 et
402 439 480 517 lore,
497 451 632 514 suosque
647 428 807 510 plenarios
821 433 852 487 et
866 424 1004 500 integros
1017 420 1144 482 effeetus

173 527 340 605 obtinere,
357 529 464 610 sicque
482 534 515 588 et
540 541 604 587 non
621 522 711 584 aliter
736 518 768 580 in
786 511 953 596 praemissis
967 528 1024 592 per
1052 527 1145 590 quos·

174 633 308 695 eumque
322 617 338 678 J
342 616 446 679 udices
461 611 644 679 Ordinsrios
659 617 688 668 et
704 606 887 684 Delegatos,
913 599 1008 661 etiam
1033 616 1146 660 causa·

169 723 245 766 rum
262 704 370 768 Palatii
385 703 557 786 Apostolici
571 697 749 766 Auditores,
764 711 800 755 ac
810 690 842 754 S.
855 690 889 752 R.
902 688 936 750 E.
951 686 1146 762 Gardioales,

169 793 268 856 etiam
283 793 322 857 de
337 795 444 857 Latere
461 794 603 872 Legatos,
618 806 654 850 ac
677 782 865 868 Apostolicae
888 776 976 842 Sedis
999 775 1146 847 Nuntios

168 899 212 943 ao
226 883 354 963 quosvis
370 883 449 946 alios
462 895 663 962 quacumque
678 868 917 956 praeeminentia
942 883 978 928 ac
993 872 1150 947 potestate

173 967 343 1050 fungentes
357 981 387 1033 et
406 970 582 1043 iuncturos,
604 963 729 1029 sublata
753 961 797 1022 eis
821 967 851 1020 et
878 973 990 1018 eorum
1018 953 1151 1015 cuilibet

170 1061 290 1139 quavis
311 1060 402 1123 anter
420 1056 582 1143 judicandi
610 1061 641 1116 et
678 1044 906 1132 interpretandi
943 1041 1094 1105 facultate
1123 1053 1152 1103 et

177 1149 375 1224 auctoritate,
390 1147 525 1231 judicari
541 1163 577 1207 ac
589 1139 712 1205 deliniri
727 1137 857 1212 debere3
872 1141 903 1196 et
917 1132 1043 1194 irritum
1057 1138 1152 1210 atque

168 1237 272 1298 inane
286 1255 354 1300 esse
369 1255 404 1298 ac
421 1237 485 1298 lore
496 1230 651 1315 quidquid
667 1226 827 1309 superbis
845 1243 861 1285 a
876 1238 1050 1302 quoquam,
1067 1237 1151 1300 qua-

180 1325 224 1387 vis
238 1325 432 1398 auctoritate,
449 1325 543 1384 etiam
558 1327 711 1403 praetextu
726 1313 895 1397 cujuslibet
908 1307 1063 1392 privilegii
1077 1355 1086 1382 ,
1101 1317 1154 1368 aut

176 1414 418 1477 consuetudinis
438 1413 575 1475 inductae
595 1407 644 1470 vel
665 1402 864 1476 inducendas,
886 1417 985 1480 quam
1017 1396 1152 1458 abusum

181 1521 247 1584 esse
268 1502 490 1576 declaramus,
516 1499 651 1562 scienter
684 1493 733 1575 vel
766 1493 949 1572 ignoranter
984 1485 1153 1566 contigerit

173 1592 340 1655 attentari.

220 1681 288 1745 Non
304 1679 504 1743 obstantibus
519 1673 698 1758 premissis,
713 1671 846 1749 aliisque
860 1662 1059 1748 quibuslibet
1070 1661 1154 1724 ordi-

183 1769 384 1846 nationibus,
401 1763 694 1837 constitutionibus,
710 1757 894 1842 privilegiis,
910 1755 1005 1816 etiam
1022 1749 1151 1831 speciali

174 1869 212 1922 ct
227 1858 391 1920 individua
406 1856 565 1919 mentione
587 1851 700 1932 dignis,
728 1864 851 1911 necnon
867 1839 1154 1907 consuetudinibus

179 1947 355 2026 quibusvis,
373 1947 467 2008 etiam
483 1939 776 2024 immemorialibus,
793 1933 975 2015 caeterisque
985 1928 1156 1994 contrariis

183 2035 445 2116 quibuscumque.

221 2125 305 2186 Nulli
322 2142 396 2204 ergo
422 2122 554 2186 omnino
577 2118 745 2182 hominum
776 2115 867 2176 liceat
890 2113 976 2174 banc
1002 2107 1154 2190 paginam

174 2213 301 2276 Nostrae
322 2211 575 2286 constitutionis,
595 2205 820 2278 ordinationis,
846 2198 1062 2274 limitationis,
1080 2214 1156 2280 sup

184 2301 364 2383 pressionis,
393 2298 616 2380 derogationis,
647 2291 1018 2366 voluntatisinlringere
1044 2285 1095 2349 vel
1125 2284 1154 2347 ei

184 2408 261 2452 ausu
277 2389 443 2452 temerario
465 2386 632 2450 contraire.
650 2381 682 2446 Si
705 2383 778 2464 quis
792 2387 896 2442 autem
914 2379 976 2440 hoc
997 2384 1155 2441 attentare

174 2479 429 2563 presumpserit,
445 2477 697 2556 indignationem
712 2469 944 2552 Omnipotentis
959 2467 1014 2530 Dei
1029 2476 1060 2529 et
1074 2467 1155 2529 Bea-

654 2627 683 2680 Χ.

216 2735 307 2784 contra
324 2732 410 2781 dantes
427 2729 605 2794 strecipientes
624 2726 655 2776 ob
668 2725 808 2790 ingressum
820 2719 957 2788 Religionis
968 2719 1047 2787 (Este.
1062 2737 1155 2773 comm.

175 2807 208 2866 a,
223 2806 262 2855 De
274 2804 421 2866 Sancum).

653 2880 692 2935 xl.
707 2920 708 2924 ,

216 2981 306 3033 Contra
325 2977 480 3028 absolventes
499 2973 546 3026 sub
573 2978 692 3039 pretextu
712 2968 896 3035 privilegiorum
924 2982 938 3020 a
960 2968 1059 3020 casibus
1080 2969 1157 3020 Rullo

191 3053 281 3112 Cam,
293 3049 332 3100 rel
344 3047 480 3100 Ordinariis
492 3043 631 3102 reservatis.
643 3043 748 3108 [Deerat.
764 3044 788 3093 S.
801 3041 829 3095 G.
842 3039 922 3106 Epioe.
935 3045 960 3090 et
971 3039 1059 3106 llegul.
1075 3055 1088 3092 a
1100 3040 1158 3094 Cla·

174 3128 269 3174 *mente
278 3120 339 3172 VIII
350 3117 512 3182 approbatum
529 3115 608 3181 1602.)

644 3203 697 3256 llll.

218 3299 306 3352 Contra
325 3295 451 3362 regulares
463 3295 504 3360 qui
518 3295 625 3360 aliquam
634 3292 744 3358 pecunia
757 3307 903 3344 summama
916 3288 1059 3356 parentibus
1072 3288 1159 3340 novitii

184 3373 291 3436 exigunt
305 3383 348 3433 pro
365 3366 478 3418 convivio
491 3365 622 3416 occasione
644 3363 781 3414 vestitionis
797 3370 840 3413 aut
858 3359 1016 3428 professionis
1035 3359 1159 3413 iaciendo.

172 3445 284 3498 abnuas.
296 3439 364 3490 Sene
375 3439 406 3488 de
419 3438 545 3488 simonia.
558 3437 665 3500 (Ferrar.
679 3443 704 3482 r⁰
716 3435 874 3494 Nocitiatus,
889 3445 918 3482 n·
930 3432 979 3497 63.)

220 3511 336 3573 Quaedam
352 3509 405 3560 uliae
416 3507 488 3572 adjici
499 3513 608 3574 possent.
622 3505 682 3557 vida
696 3505 757 3555 inira
771 3505 861 3570 (283³).

221 3583 278 3647 begi
291 3587 403 3645 possunt,
416 3579 481 3644 apud
492 3579 607 3630 eumdem
621 3576 737 3636 Ferraria,
753 3582 801 3627 art.
810 3575 834 3638 l,
848 3573 902 3624 aliu
918 3576 1158 3627 excommunicatio-

173 3695 177 3705 .
192 3670 234 3706 ues
244 3660 329 3704 contra
341 3653 474 3716 regulares,
487 3664 548 3716 quas
560 3648 599 3698 hle
616 3647 754 3698 omittimus
765 3663 793 3698 eo
807 3646 874 3713 quod
888 3661 937 3696 uou
950 3646 999 3696 siut
1012 3655 1155 3702 reservate.

222 3726 255 3775 De
267 3723 321 3772 aliis
333 3721 443 3774 censuris
457 3727 540 3771 eontra
559 3719 683 3786 regulares
694 3717 749 3768 latis
765 3719 847 3783 agitur
861 3716 988 3784 pascimin
1007 3719 1116 3776 decursu
1126 3732 1160 3774 to·

178 3817 186 3838 ι
196 3795 246 3846 tius
258 3793 379 3844 llanualis
391 3792 480 3858 (659⁹).
