2604 4196
494 399 578 443 unm
602 397 759 442 secururs.
1059 380 1116 440 507

124 502 223 588 vvcerei
239 503 255 562 a
270 500 351 580 Papa
366 495 514 558 benedicti
525 501 552 557 et
569 493 705 574 reliquiae
720 493 802 556 nuda
813 511 905 555 manu
921 509 982 553 non
997 497 1119 572 tangan·

127 661 131 672 ,
144 599 209 664 tur,
224 589 280 650 nisi
292 592 308 649 ri
323 587 396 648 viris
407 587 470 647 Deo
485 583 588 657 sacris,
600 583 648 643 vel
663 585 678 642 a
694 582 973 644 sanctimonialibus
987 581 1060 642 dum
1071 598 1121 641 eas

143 681 175 741 in
188 679 283 740 thecis
293 676 443 739 collocant
452 679 482 736 et
495 671 654 734 adornant.
665 670 792 733 Videtur
801 679 901 733 tamen
914 670 1030 732 licitum
1041 667 1122 731 laicis

144 769 289 849 reliquias
301 773 438 844 tangere.

185 860 219 918 ln
234 875 306 918 casu
321 851 533 935 reparationis,
550 868 619 912 rasa
633 866 717 911 sacra
729 847 813 930 tangi
828 852 953 930 possunt
965 846 1003 907 ab
1017 864 1124 928 operu-

147 946 198 1007 riis
212 951 336 1026 propter
351 940 571 1003 necessitatem.

187 1032 377 1095 linteamina
389 1035 490 1090 autem
503 1045 588 1089 sacra
602 1075 609 1101 ‚
624 1025 654 1088 id
669 1031 714 1087 est
728 1025 899 1106 corporale,
913 1023 993 1106 palla
1005 1030 1036 1084 et
1047 1023 1125 1103 puri·

143 1122 320 1190 ¹sicalorium
333 1120 416 1198 tangi
433 1121 560 1197 possunt
574 1116 591 1177 a
605 1113 688 1176 laicis
702 1123 770 1176 ante
785 1133 874 1176 usum
890 1120 941 1174 aut
956 1117 1023 1193 post
1044 1109 1127 1170 lotio

151 1231 239 1288 nem,
255 1228 317 1271 non
332 1209 402 1269 rard
412 1211 479 1287 post
489 1223 590 1267 usum.
602 1237 641 1250 -
655 1205 688 1263 ln
704 1204 775 1282 Cap.
792 1203 887 1264 lllenro
908 1205 957 1275 lt),
972 1200 1017 1262 De
1028 1199 1125 1273 Coos,

149 1301 218 1362 dist.
237 1305 267 1376 l,
283 1299 423 1360 Clemens
433 1295 513 1374 Papa
525 1293 586 1354 duo
602 1292 703 1354 statuit
721 1311 727 1352 :
743 1295 780 1354 1¹¹¹
797 1297 830 1352 ut
844 1309 936 1352 sacrae
952 1289 1038 1369 pallae
1055 1295 1126 1347 tan·

151 1391 214 1451 tbm
229 1388 247 1450 a
260 1387 396 1448 diaconis
410 1384 560 1456 laventur3
577 1387 616 1443 2¹²
630 1389 661 1442 ut
675 1379 747 1442 lotio
762 1380 897 1441 mittatur
907 1380 937 1440 in
950 1377 1125 1439 sacrarium.

151 1481 227 1540 curn
242 1477 331 1538 hodie
346 1473 578 1535 subdiaconatus
590 1469 664 1530 ordo
679 1469 716 1529 sit
730 1467 967 1544 sacer‚otlicium
979 1466 1036 1548 hoc
1047 1483 1128 1526 nunc

152 1568 189 1629 ad
207 1567 410 1629 subdiaconos
430 1560 570 1640 pertinet.
589 1557 731 1618 Dccisum
753 1557 806 1618 luit
825 1559 841 1616 a
863 1558 894 1618 S.
920 1557 1033 1634 Congr.
1056 1553 1127 1630 llic,

154 1661 190 1718 lb
215 1661 291 1735 sept.
320 1655 417 1726 1857,
443 1651 522 1730 ipsas
545 1645 692 1708 moniales
719 1664 781 1707 non
807 1663 915 1726 posse,
942 1644 1033 1704 ctiam
1058 1659 1129 1702 curn

153 1745 273 1806 licentia
286 1739 448 1814 Ordinarii,
464 1737 585 1798 abluere
599 1733 780 1814 corporalia,
796 1733 888 1812 pallas
906 1738 935 1792 et
958 1728 1129 1810 purificato-

154 1835 207 1903 ria.
228 1831 286 1895 Sed
301 1830 367 1892 haec
381 1825 481 1908 quoad
497 1825 626 1903 primam
642 1821 805 1896 lotionem;
822 1819 922 1900 quoad
937 1819 1008 1880 verd
1021 1836 1130 1878 secun·

153 1923 225 1984 dam
239 1920 287 1983 vel
311 1918 445 1991 tertiam,
465 1913 521 1974 etsi
542 1911 698 1972 decentibs
719 1909 829 1970 fianta
851 1907 943 1970 sacris
965 1905 1129 1983 ministris,

156 2011 276 2073 nullum
291 2017 393 2070 tamen
409 2009 454 2066 est
465 2007 622 2083 peccatum
637 1999 661 2060 si
676 2000 693 2058 a
710 1997 801 2060 laicis.

194 2104 264 2163 669.
273 2133 310 2144 -
324 2099 375 2158 lV.
389 2091 560 2174 Corporale,
576 2087 680 2163 Pullo,
692 2086 954 2167 Purificotorium.
968 2086 1129 2148 Celebrans

156 2190 221 2252 stne
232 2185 380 2268 corporali
396 2191 446 2244 aut
461 2199 530 2243 curn
540 2198 583 2264 ‚eo
598 2196 659 2238 non
673 2176 834 2237 benedicto
848 2177 984 2236 excusari
1000 2175 1131 2256 nequit'a

157 2277 296 2351 mortali,
312 2274 370 2335 nisi
385 2270 482 2352 gravis
497 2275 603 2348 urgeat
620 2265 781 2326 necessitas
795 2263 979 2325 celebrandi.

196 2371 270 2429 ltem
281 2363 410 2445 graviter
426 2364 529 2439 peccat
543 2355 594 2436 qui
609 2355 703 2416 utitur
717 2353 863 2432 corporali
881 2351 1049 2413 notabiliter
1071 2352 1132 2413 im-

158 2455 289 2530 mundo;
305 2453 348 2515 uti
360 2456 462 2512 autem
472 2443 621 2526 corporali
633 2450 684 2504 aut
696 2441 880 2523 paramentis
895 2459 956 2501 non
969 2441 1133 2500 enormiter

159 2542 341 2617 immundis,
362 2545 406 2600 est
428 2537 527 2598 solinu
555 2533 690 2609 reniale,
711 2530 773 2592 imo
791 2529 909 2591 nullum
929 2535 1086 2608 peccatum
1109 2530 1132 2589 si

159 2636 215 2698 alia
230 2630 333 2696 haberi
348 2646 410 2690 non
425 2630 551 2708 possunt
568 2641 575 2682 :
591 2621 672 2683 unde
694 2619 871 2701 peregrinus
885 2617 1020 2679 excusari
1036 2625 1135 2698 potest

158 2719 339 2787 celebrando
358 2717 389 2778 in
409 2717 451 2777 eis
464 2731 518 2795 per
532 2711 711 2782 transitum;
733 2726 789 2768 nec
804 2706 892 2768 etiam
914 2713 990 2767 esset
1010 2707 1134 2768 mortale

160 2814 202 2876 uti
217 2808 388 2874 notabiliter
398 2801 559 2865 immundo
569 2800 600 2860 in
611 2797 800 2872 necessitate,
809 2796 832 2856 si
844 2793 1046 2861 omittendum
1057 2802 1136 2855 esset

161 2918 281 2965 sacrum
293 2897 331 2959 de
351 2891 579 2976 praeccpt0.Nec
594 2887 702 2968 pariter
716 2885 783 2944 licet
797 2883 840 2945 uti
860 2883 1008 2962 corporali
1025 2882 1055 2943 in
1075 2903 1136 2963 quo

161 2998 238 3054 esset
250 2989 399 3059 foramen,
415 2977 608 3064 quantumvis
620 2974 777 3056 exiguum,
789 2972 820 3032 in
834 2972 900 3032 loco
915 2970 965 3032 ubi
981 2973 1136 3052 reponitur

161 3080 272 3154 hostia;
288 3075 351 3136 imd
364 3072 469 3136 volunt
482 3069 584 3150 plures
599 3083 661 3126 non
673 3063 804 3144 amplius
819 3078 906 3141 posse
921 3059 1056 3122 adhiberi
1079 3063 1135 3125 hu-

161 3166 294 3250 jusmodi
307 3159 485 3243 corporalia,
495 3157 547 3219 sed
561 3155 599 3217 de
609 3155 667 3216 hoc
680 3153 787 3215 ultimo
800 3149 918 3212 nullum
931 3151 1014 3230 potui
1029 3151 1137 3233 depre-

164 3257 296 3321 bendere
308 3253 464 3315 decretum
480 3244 653 3328 prohibens.
1138 3267 1140 3275 ι

203 3346 284 3409 Palla
299 3349 361 3404 erat
374 3339 447 3401 olim
461 3337 624 3417 ipsummet
639 3329 793 3411 corporale
808 3338 957 3410 quatenus
972 3330 1136 3411 replicaba-

164 3445 213 3499 tur
227 3450 319 3514 super
332 3429 458 3492 calicem
473 3444 480 3485 ε
497 3423 579 3486 unde
593 3420 732 3483 eamdem
746 3418 835 3481 habet
850 3418 1091 3480 benedictionem
1110 3428 1138 3482 et

166 3543 221 3607 pro
234 3520 342 3584 eodem
356 3515 468 3580 servire
480 3517 580 3595 posset
594 3510 618 3571 si
633 3515 677 3570 sat
697 3525 790 3588 capax
810 3515 898 3570 esset.
920 3507 1019 3568 Potest
1038 3515 1139 3570 autern

164 3630 232 3676 esse
247 3611 327 3672 intus
339 3613 479 3678 cartana,
499 3600 582 3662 seda
601 3605 684 3678 parte
702 3597 850 3677 superiori
871 3603 901 3657 et
922 3595 1056 3656 interiori
1076 3596 1139 3655 lino

166 3722 221 3764 seu
235 3696 371 3761 cannabe
389 3687 576 3756 circumduci
601 3687 708 3762 deber,
725 3703 786 3746 non
809 3686 921 3766 drappo
939 3683 1079 3744 timorato
1097 3681 1141 3742 vel

165 3791 270 3863 arico,
285 3785 328 3849 uti
349 3784 405 3846 luit
423 3778 608 3864 prohibitum
629 3778 645 3837 a
665 3778 697 3836 S.
713 3777 748 3834 a.
765 3775 938 3851 Congr.‚27
959 3789 1029 3848 aug.
1048 3774 1122 3831 1707
1129 3789 1140 3842 ;

165 3889 301 3943 attamen
315 3874 373 3936 hoc
386 3869 505 3934 tolerari
519 3874 617 3950 potest
628 3883 665 3926 or
679 3863 776 3924 llecis.
793 3861 888 3938 ejusd.
905 3861 1014 3933 Congr.
1030 3859 1067 3914 10
1074 3855 1137 3930 jan.
