2574 4198
183 278 241 336 676
454 277 607 326 arcumen
626 276 709 322 aunis
731 267 877 318 canonici.

224 393 315 470 Resp.
328 384 383 446 Vel
395 400 483 464 poena
493 383 539 440 est
547 379 609 456 jam
617 373 743 448 inllicte,
755 369 801 431 vel
811 365 910 429 solirm
921 361 967 421 est
976 347 1161 451 infligenda:

187 479 209 542 si
228 478 325 560 pritas,
339 474 449 534 iterum
471 473 516 530 est
536 460 808 544 distinguendum,
831 459 883 516 aut
904 446 986 511 enim
1008 447 1108 519 agitur
1126 434 1166 496 de

187 569 278 649 poent
292 557 464 625 medicinali
475 603 483 633 ,
499 560 588 637 prout
603 557 674 614 sunt
687 563 841 619 censurae,
856 545 886 602 et
900 553 962 599 non
976 531 1077 593 sotum
1091 532 1167 587 tunc

189 659 206 717 a
221 652 376 735 Superiori
392 643 574 725 competenti
591 657 680 721 poena
699 633 810 699 remitti
824 633 933 718 potest,
948 619 1106 684 sedetiam
1120 619 1169 674 est

190 739 369 806 remittenda
396 737 421 798 si
442 729 632 796 contumacia
654 722 813 790 cessaverit
836 739 843 780 :
869 717 940 778 cum
965 707 1048 772 enim
1066 718 1169 784 paenae

190 827 385 894 medicinales
414 823 451 886 ad
475 821 532 882 hnc
565 817 676 880 luerint
706 813 849 874 institutae
871 811 904 867 ut
937 797 1169 873 delinquentem

192 919 229 982 ad
249 913 456 999 paenitentiam
477 904 730 980 reducerent,liae
749 895 859 961 remitti
877 891 988 954 debent
1004 890 1169 965 postquam

193 1025 282 1070 suum
297 1005 437 1068 ellectum
453 997 679 1080 produxerunt3
695 1025 734 1037 -
749 995 801 1050 aut
816 984 915 1064 agitur
933 977 970 1039 de
990 970 1090 1054 paenis
1106 967 1173 1070 aia}

194 1095 348 1166 dicativis,
364 1091 472 1168 inquo
489 1103 560 1147 casu
578 1084 658 1162 saepe
672 1079 796 1161 quidem
812 1075 927 1134 licitum
947 1070 991 1128 est
1008 1055 1173 1122 Ordinatio

195 1183 393 1265 poenitentem
406 1175 601 1254 reintegrare,
615 1170 667 1232 sed
680 1170 737 1230 hoa
750 1181 811 1226 nun
826 1175 945 1239 semper
955 1149 1075 1232 expedit
1088 1166 1098 1222 3
1109 1145 1175 1206 irud

196 1271 365 1353 Episcopus
385 1264 490 1345 nequit
511 1279 631 1340 semper
646 1258 688 1320 sic
706 1272 792 1318 reum
810 1251 994 1326 reintegrare
1010 1259 1018 1300 ι
1034 1237 1066 1298 id
1088 1236 1174 1296 enim

198 1377 259 1421 non
275 1359 377 1438 posset
390 1371 473 1428 casu,
484 1370 512 1411 v.
527 1369 570 1429 g,
586 1366 647 1428 quo
661 1363 730 1407 reus
740 1362 776 1404 ex
789 1336 946 1404 sententie.
962 1343 1088 1413 paenam
1098 1325 1175 1385 irre-

198 1444 362 1527 gularitatis
374 1461 412 1504 cx
426 1439 545 1501 deiectu
559 1443 610 1498 aut
628 1429 855 1514 irregularitatis
869 1422 992 1486 notoriae
1005 1436 1043 1480 cx
1062 1413 1178 1475 delicto

199 1535 385 1598 incurrisset.

229 1624 264 1688 ,Si
271 1622 423 1705 posteritas,
436 1637 488 1680 seu
499 1609 817 1698 sipoenanondumsit
829 1591 1178 1675 inlliata,sedsitsoli1m

201 1715 272 1794 erga
285 1729 371 1774 reum
391 1707 520 1788 juridice
533 1705 704 1766 convictum
723 1694 907 1778 infligenda,
922 1685 1072 1750 sententia
1086 1681 1179 1742 debet

202 1820 266 1864 esse
280 1803 326 1864 vel
341 1797 546 1869 absolutoria,
562 1811 635 1856 casu
656 1807 766 1868 nempe
781 1803 841 1868 quo
857 1781 973 1844 crimen
993 1791 1056 1834 non
1072 1771 1180 1832 luisset

202 1891 379 1972 probatum;
393 1888 438 1948 vel
449 1879 697 1954 condemnaturia,
712 1878 736 1939 si
751 1879 873 1938 econtra
882 1867 1043 1949 probatum
1055 1859 1178 1922 luisset.

203 1979 290 2042 Unde
306 1976 450 2057 Superior
471 1991 533 2034 uun
556 1971 646 2032 debet
665 1983 786 2049 poenam
807 1959 957 2023 remittere
976 1959 1045 2014 ante
1060 1954 1181 2010 senten-

204 2067 275 2128 tiam
292 2084 300 2126 :
317 2071 387 2126 sunt
398 2069 500 2124 tamen
514 2078 601 2121 casus
620 2056 778 2136 inquibus
796 2049 860 2111 fieri
875 2049 972 2128 potest
983 2038 1178 2120 compositio

204 2157 279 2216 Item
301 2153 394 2234 judex
419 2147 480 2213 non
500 2155 619 2210 tenetur
639 2163 757 2226 semper
778 2136 942 2224 procedere
960 2137 1065 2194 contra
1088 2127 1183 2188 delin-

206 2251 371 2324 quentem,
389 2247 419 2302 et
437 2237 585 2300 severitati
605 2251 757 2297 canonum
776 2225 888 2308 aliquid
907 2224 1004 2304 polest
1015 2216 1134 2280 detrahi
1148 2215 1184 2275 in

199 2332 296 2394 certis
307 2331 439 2393 casibus.

247 2419 385 2481 Nolauda
402 2424 447 2480 est
465 2413 630 2497 praesertim
649 2409 795 2474 sententia
814 2409 845 2470 S.
861 2398 1055 2468 Innocentiil
1071 2399 1183 2472 (canon

210 2510 324 2587 Quoties
335 2514 384 2585 ll,
399 2524 489 2570 eausa
501 2509 529 2581 l,
545 2523 575 2584 q.
592 2505 621 2582 7)
634 2521 641 2564 :
662 2501 811 2572 «Quoties
824 2500 841 2558 a
855 2492 974 2576 populls
992 2492 1045 2549 aut
1061 2488 1078 2546 a
1092 2483 1185 2546 turba

214 2621 229 2659 a
248 2606 389 2680 peccatur
401 2644 409 2674 ,
423 2597 494 2676 quia
508 2594 540 2654 in
552 2610 660 2654 omnes
675 2596 795 2670 propter
807 2581 1032 2647 multitudinem
1048 2593 1113 2636 nen
1131 2591 1186 2653 po-

210 2709 230 2747 a
250 2695 307 2748 test
323 2683 466 2746 vindicari
479 2729 488 2758 ,
503 2681 634 2742 multllm
649 2679 723 2742 solet
736 2673 865 2738 transiri.
879 2693 894 2730 u
911 2671 950 2731 Et
962 2667 1020 2729 hoc
1038 2682 1113 2745 erga
1126 2665 1186 2724 llo-

212 2777 334 2839 natistas
355 2773 481 2836 servavit
504 2769 648 2847 Ecclesia,
664 2766 763 2848 inquit
785 2767 816 2827 S.
843 2763 969 2840 August.
994 2755 1026 2816 iu
1044 2751 1187 2834 Epistola

212 2866 252 2928 ad
268 2864 471 2945 Bonifatium,
493 2866 554 2922 aut
573 2859 664 2921 etiam
685 2858 820 2938 ipsarum
838 2847 998 2912 inlirmitas
1021 2843 1118 2904 levitis
1136 2859 1187 2903 ex·

217 2980 232 3018 a
252 2966 349 3037 cepta,
364 2956 446 3014 intus
461 2948 602 3012 sanabilis
613 2947 689 3009 leret
703 2967 733 3008 u.

665 3055 744 3070 —

589 3127 735 3196 CAPUT
761 3125 809 3191 ΙΙ.

248 3282 294 3327 nn
320 3276 435 3326 vanus
459 3273 571 3320 ronnas
597 3263 870 3316 uccnssrasrrcrs
894 3257 1146 3308 vruurcarrvrs.

626 3437 721 3500 llRT.
753 3439 776 3497 Ι.

387 3570 425 3616 nu
446 3565 542 3614 rmnrs
561 3557 761 3608 vrunrmrrvrs
781 3549 1010 3600 sururruaemus.

257 3683 326 3743 808.
341 3713 381 3725 -
394 3679 417 3738 l.
433 3675 476 3736 lte
490 3669 682 3733 inhabilitate
694 3661 734 3725 ad
747 3659 851 3742 officia
870 3657 917 3718 uel
936 3653 1074 3736 beneficia
1099 3651 1191 3714 eccla·

220 3770 338 3832 siastica
353 3786 360 3828 t
376 3766 440 3828 haec
454 3778 543 3843 poena
558 3775 625 3838 quae
639 3755 713 3816 solet
726 3769 791 3812 esse
804 3742 929 3810 eli'eetus
940 3744 1067 3806 aliarum
1083 3760 1193 3818 ptena-
