<?xml version="1.0" encoding="UTF-8"?>
<!DOCTYPE html PUBLIC "-//W3C//DTD XHTML 1.0 Transitional//EN"
    "http://www.w3.org/TR/xhtml1/DTD/xhtml1-transitional.dtd">
<html xmlns="http://www.w3.org/1999/xhtml" xml:lang="en" lang="en">
 <head>
  <title>
</title>
<meta http-equiv="Content-Type" content="text/html;charset=utf-8" />
  <meta name='ocr-system' content='tesseract 3.04.00' />
  <meta name='ocr-capabilities' content='ocr_page ocr_carea ocr_par ocr_line ocrx_word'/>
</head>
<body>
  <div class='ocr_page' id='page_1' title='image "./elementajurisca00craigoog_0074.png"; bbox 0 0 2604 4196; ppageno 0'>
   <div class='ocr_carea' id='block_1_1' title="bbox 466 336 1091 394">
    <p class='ocr_par' dir='ltr' id='par_1_1' title="bbox 466 336 1091 394">
     <span class='ocr_line' id='line_1_1' title="bbox 466 336 1091 394; baseline 0.006 -4"><span class='ocrx_word' id='word_1_1' title='bbox 466 346 552 390; x_wconf 78' lang='lat' dir='ltr'>cinna</span> <span class='ocrx_word' id='word_1_2' title='bbox 573 345 730 390; x_wconf 81' lang='lat' dir='ltr'>sncnnnus.</span> <span class='ocrx_word' id='word_1_3' title='bbox 1033 336 1091 394; x_wconf 75' lang='lat'>557</span> 
     </span>
    </p>
   </div>
   <div class='ocr_carea' id='block_1_2' title="bbox 113 442 1097 3901">
    <p class='ocr_par' dir='ltr' id='par_1_2' title="bbox 113 442 1095 972">
     <span class='ocr_line' id='line_1_2' title="bbox 116 442 1095 530; baseline 0.014 -30"><span class='ocrx_word' id='word_1_4' title='bbox 116 463 129 499; x_wconf 81' lang='grc' dir='ltr'>ι</span> <span class='ocrx_word' id='word_1_5' title='bbox 151 448 182 503; x_wconf 82' lang='lat' dir='ltr'>et</span> <span class='ocrx_word' id='word_1_6' title='bbox 198 442 306 506; x_wconf 85' lang='lat' dir='ltr'>fideles</span> <span class='ocrx_word' id='word_1_7' title='bbox 319 447 598 521; x_wconf 83' lang='lat' dir='ltr'>communicantes3</span> <span class='ocrx_word' id='word_1_8' title='bbox 615 451 645 506; x_wconf 91' lang='lat' dir='ltr'>ct</span> <span class='ocrx_word' id='word_1_9' title='bbox 659 444 688 505; x_wconf 94' lang='lat' dir='ltr'>hi</span> <span class='ocrx_word' id='word_1_10' title='bbox 702 463 790 507; x_wconf 89' lang='lat' dir='ltr'>suum</span> <span class='ocrx_word' id='word_1_11' title='bbox 812 447 926 530; x_wconf 88' lang='lat' dir='ltr'>quique</span> <span class='ocrx_word' id='word_1_12' title='bbox 944 447 1095 514; x_wconf 89' lang='lat' dir='ltr'>habebant</span> 
     </span>
     <span class='ocr_line' id='line_1_3' title="bbox 113 529 1093 620; baseline 0.012 -31"><span class='ocrx_word' id='word_1_13' title='bbox 113 552 131 588; x_wconf 80' lang='grc' dir='ltr'>ι</span> <span class='ocrx_word' id='word_1_14' title='bbox 150 529 255 592; x_wconf 91' lang='lat' dir='ltr'>locum</span> <span class='ocrx_word' id='word_1_15' title='bbox 268 579 276 608; x_wconf 97' lang='lat'>,</span> <span class='ocrx_word' id='word_1_16' title='bbox 291 551 391 596; x_wconf 90' lang='lat' dir='ltr'>mares</span> <span class='ocrx_word' id='word_1_17' title='bbox 402 535 579 598; x_wconf 87' lang='lat' dir='ltr'>distinctum</span> <span class='ocrx_word' id='word_1_18' title='bbox 592 536 609 596; x_wconf 77' lang='lat' dir='ltr'>a</span> <span class='ocrx_word' id='word_1_19' title='bbox 623 533 763 608; x_wconf 87' lang='lat' dir='ltr'>feminis,</span> <span class='ocrx_word' id='word_1_20' title='bbox 779 535 910 616; x_wconf 82' lang='lat' dir='ltr'>virgines</span> <span class='ocrx_word' id='word_1_21' title='bbox 933 539 950 598; x_wconf 78' lang='lat' dir='ltr'>a</span> <span class='ocrx_word' id='word_1_22' title='bbox 972 540 1093 620; x_wconf 89' lang='lat' dir='ltr'>nuptis,</span> 
     </span>
     <span class='ocr_line' id='line_1_4' title="bbox 114 621 1095 702; baseline 0.013 -23"><span class='ocrx_word' id='word_1_23' title='bbox 114 641 132 679; x_wconf 77' lang='lat' dir='ltr'>a</span> <span class='ocrx_word' id='word_1_24' title='bbox 151 621 325 684; x_wconf 79' lang='lat' dir='ltr'>monachia</span> <span class='ocrx_word' id='word_1_25' title='bbox 341 625 545 688; x_wconf 79' lang='lat' dir='ltr'>saecularibus.</span> <span class='ocrx_word' id='word_1_26' title='bbox 561 627 594 686; x_wconf 92' lang='lat' dir='ltr'>ln</span> <span class='ocrx_word' id='word_1_27' title='bbox 619 621 717 684; x_wconf 76' lang='lat' dir='ltr'>media</span> <span class='ocrx_word' id='word_1_28' title='bbox 736 625 803 685; x_wconf 90' lang='lat' dir='ltr'>navi</span> <span class='ocrx_word' id='word_1_29' title='bbox 827 633 889 687; x_wconf 87' lang='lat' dir='ltr'>erat</span> <span class='ocrx_word' id='word_1_30' title='bbox 909 626 1013 702; x_wconf 84' lang='lat' dir='ltr'>ambo,</span> <span class='ocrx_word' id='word_1_31' title='bbox 1038 628 1095 692; x_wconf 90' lang='lat' dir='ltr'>boc</span> 
     </span>
     <span class='ocr_line' id='line_1_5' title="bbox 114 709 1092 795; baseline 0.01 -27"><span class='ocrx_word' id='word_1_32' title='bbox 114 729 132 767; x_wconf 80' lang='lat' dir='ltr'>c</span> <span class='ocrx_word' id='word_1_33' title='bbox 153 714 202 770; x_wconf 88' lang='lat' dir='ltr'>esl</span> <span class='ocrx_word' id='word_1_34' title='bbox 215 709 301 772; x_wconf 91' lang='lat' dir='ltr'>locus</span> <span class='ocrx_word' id='word_1_35' title='bbox 315 711 433 791; x_wconf 89' lang='lat' dir='ltr'>editus,</span> <span class='ocrx_word' id='word_1_36' title='bbox 450 715 485 776; x_wconf 86' lang='lat' dir='ltr'>ad</span> <span class='ocrx_word' id='word_1_37' title='bbox 502 733 596 795; x_wconf 88' lang='lat' dir='ltr'>quem</span> <span class='ocrx_word' id='word_1_38' title='bbox 611 731 665 794; x_wconf 88' lang='lat' dir='ltr'>pei·</span> <span class='ocrx_word' id='word_1_39' title='bbox 680 713 791 792; x_wconf 82' lang='lat' dir='ltr'>gradus</span> <span class='ocrx_word' id='word_1_40' title='bbox 805 713 923 794; x_wconf 86' lang='lat' dir='ltr'>patebat</span> <span class='ocrx_word' id='word_1_41' title='bbox 939 734 1092 791; x_wconf 88' lang='lat' dir='ltr'>ascensus,</span> 
     </span>
     <span class='ocr_line' id='line_1_6' title="bbox 115 798 1093 886; baseline 0.014 -31"><span class='ocrx_word' id='word_1_42' title='bbox 115 821 132 855; x_wconf 81' lang='lat' dir='ltr'>a</span> <span class='ocrx_word' id='word_1_43' title='bbox 154 798 187 859; x_wconf 94' lang='lat' dir='ltr'>in</span> <span class='ocrx_word' id='word_1_44' title='bbox 201 818 300 881; x_wconf 87' lang='lat' dir='ltr'>eoque</span> <span class='ocrx_word' id='word_1_45' title='bbox 312 803 431 864; x_wconf 88' lang='lat' dir='ltr'>stabant</span> <span class='ocrx_word' id='word_1_46' title='bbox 441 812 579 865; x_wconf 89' lang='lat' dir='ltr'>cantores</span> <span class='ocrx_word' id='word_1_47' title='bbox 593 810 622 864; x_wconf 86' lang='lat' dir='ltr'>et</span> <span class='ocrx_word' id='word_1_48' title='bbox 638 803 833 883; x_wconf 77' lang='lat' dir='ltr'>lectoresqui</span> <span class='ocrx_word' id='word_1_49' title='bbox 846 803 994 883; x_wconf 85' lang='lat' dir='ltr'>Epistulas</span> <span class='ocrx_word' id='word_1_50' title='bbox 1003 813 1093 886; x_wconf 86' lang='lat' dir='ltr'>atque</span> 
     </span>
     <span class='ocr_line' id='line_1_7' title="bbox 114 888 1090 972; baseline 0.013 -28"><span class='ocrx_word' id='word_1_51' title='bbox 114 910 132 944; x_wconf 77' lang='lat' dir='ltr'>a</span> <span class='ocrx_word' id='word_1_52' title='bbox 153 890 319 969; x_wconf 81' lang='lat' dir='ltr'>Evangelia</span> <span class='ocrx_word' id='word_1_53' title='bbox 334 891 483 972; x_wconf 83' lang='lat' dir='ltr'>legebant,</span> <span class='ocrx_word' id='word_1_54' title='bbox 500 899 530 955; x_wconf 82' lang='lat' dir='ltr'>et</span> <span class='ocrx_word' id='word_1_55' title='bbox 544 893 574 953; x_wconf 92' lang='lat' dir='ltr'>in</span> <span class='ocrx_word' id='word_1_56' title='bbox 587 911 624 954; x_wconf 94' lang='lat' dir='ltr'>eo</span> <span class='ocrx_word' id='word_1_57' title='bbox 638 892 727 952; x_wconf 88' lang='lat' dir='ltr'>etiarn</span> <span class='ocrx_word' id='word_1_58' title='bbox 743 888 866 972; x_wconf 76' lang='lat' dir='ltr'>diptyco</span> <span class='ocrx_word' id='word_1_59' title='bbox 881 892 1090 957; x_wconf 73' lang='lat' dir='ltr'>recitabantur.</span> 
     </span>
    </p>

    <p class='ocr_par' dir='ltr' id='par_1_3' title="bbox 115 980 1097 1772">
     <span class='ocr_line' id='line_1_8' title="bbox 158 980 1097 1062; baseline 0.007 -25"><span class='ocrx_word' id='word_1_60' title='bbox 158 981 294 1040; x_wconf 76' lang='lat' dir='ltr'>«Tertia</span> <span class='ocrx_word' id='word_1_61' title='bbox 318 987 349 1042; x_wconf 93' lang='lat' dir='ltr'>et</span> <span class='ocrx_word' id='word_1_62' title='bbox 372 982 477 1044; x_wconf 89' lang='lat' dir='ltr'>intima</span> <span class='ocrx_word' id='word_1_63' title='bbox 500 981 692 1062; x_wconf 84' lang='lat' dir='ltr'>antiquarum</span> <span class='ocrx_word' id='word_1_64' title='bbox 718 980 914 1043; x_wconf 89' lang='lat' dir='ltr'>ecclesiarum</span> <span class='ocrx_word' id='word_1_65' title='bbox 941 997 1097 1062; x_wconf 85' lang='lat' dir='ltr'>parserat</span> 
     </span>
     <span class='ocr_line' id='line_1_9' title="bbox 115 1069 1093 1152; baseline 0.007 -26"><span class='ocrx_word' id='word_1_66' title='bbox 115 1091 132 1124; x_wconf 81' lang='lat' dir='ltr'>a</span> <span class='ocrx_word' id='word_1_67' title='bbox 152 1070 372 1142; x_wconf 81' lang='lat' dir='ltr'>sanctuarium,</span> <span class='ocrx_word' id='word_1_68' title='bbox 389 1071 471 1152; x_wconf 91' lang='lat' dir='ltr'>quod</span> <span class='ocrx_word' id='word_1_69' title='bbox 491 1072 580 1152; x_wconf 84' lang='lat' dir='ltr'>graeci</span> <span class='ocrx_word' id='word_1_70' title='bbox 605 1070 684 1130; x_wconf 84' lang='lat' dir='ltr'>hema</span> <span class='ocrx_word' id='word_1_71' title='bbox 704 1069 914 1150; x_wconf 88' lang='lat' dir='ltr'>appellabant;</span> <span class='ocrx_word' id='word_1_72' title='bbox 936 1070 1020 1133; x_wconf 91' lang='lat' dir='ltr'>locus</span> <span class='ocrx_word' id='word_1_73' title='bbox 1045 1071 1093 1134; x_wconf 87' lang='lat' dir='ltr'>hia</span> 
     </span>
     <span class='ocr_line' id='line_1_10' title="bbox 115 1158 1093 1236; baseline 0.007 -21"><span class='ocrx_word' id='word_1_74' title='bbox 115 1179 132 1210; x_wconf 81' lang='lat' dir='ltr'>o</span> <span class='ocrx_word' id='word_1_75' title='bbox 154 1161 250 1236; x_wconf 91' lang='lat' dir='ltr'>septis</span> <span class='ocrx_word' id='word_1_76' title='bbox 269 1160 331 1218; x_wconf 89' lang='lat' dir='ltr'>sive</span> <span class='ocrx_word' id='word_1_77' title='bbox 347 1160 488 1221; x_wconf 88' lang='lat' dir='ltr'>cancellis</span> <span class='ocrx_word' id='word_1_78' title='bbox 506 1159 716 1232; x_wconf 83' lang='lat' dir='ltr'>muniebatur,</span> <span class='ocrx_word' id='word_1_79' title='bbox 737 1158 780 1218; x_wconf 89' lang='lat' dir='ltr'>nti</span> <span class='ocrx_word' id='word_1_80' title='bbox 800 1177 933 1233; x_wconf 88' lang='lat' dir='ltr'>nunc...,</span> <span class='ocrx_word' id='word_1_81' title='bbox 954 1178 992 1221; x_wconf 91' lang='lat' dir='ltr'>ne</span> <span class='ocrx_word' id='word_1_82' title='bbox 1011 1160 1093 1223; x_wconf 89' lang='lat' dir='ltr'>laicis</span> 
     </span>
     <span class='ocr_line' id='line_1_11' title="bbox 116 1243 1093 1329; baseline 0.009 -28"><span class='ocrx_word' id='word_1_83' title='bbox 116 1268 133 1301; x_wconf 81' lang='lat' dir='ltr'>a</span> <span class='ocrx_word' id='word_1_84' title='bbox 155 1243 194 1304; x_wconf 89' lang='lat' dir='ltr'>ad</span> <span class='ocrx_word' id='word_1_85' title='bbox 209 1264 280 1306; x_wconf 84' lang='lat' dir='ltr'>eum</span> <span class='ocrx_word' id='word_1_86' title='bbox 297 1253 412 1327; x_wconf 86' lang='lat' dir='ltr'>pateret</span> <span class='ocrx_word' id='word_1_87' title='bbox 424 1249 523 1310; x_wconf 87' lang='lat' dir='ltr'>aditus</span> <span class='ocrx_word' id='word_1_88' title='bbox 541 1250 611 1310; x_wconf 87' lang='lat' dir='ltr'>cbm</span> <span class='ocrx_word' id='word_1_89' title='bbox 633 1265 716 1308; x_wconf 85' lang='lat' dir='ltr'>sacra</span> <span class='ocrx_word' id='word_1_90' title='bbox 731 1247 828 1308; x_wconf 85' lang='lat' dir='ltr'>officia</span> <span class='ocrx_word' id='word_1_91' title='bbox 851 1248 1093 1329; x_wconf 81' lang='lat' dir='ltr'>peragebantur3</span> 
     </span>
     <span class='ocr_line' id='line_1_12' title="bbox 115 1335 1095 1418; baseline 0.008 -26"><span class='ocrx_word' id='word_1_92' title='bbox 115 1357 133 1390; x_wconf 82' lang='lat' dir='ltr'>a</span> <span class='ocrx_word' id='word_1_93' title='bbox 156 1335 283 1394; x_wconf 81' lang='lat' dir='ltr'>cancelli</span> <span class='ocrx_word' id='word_1_94' title='bbox 297 1343 381 1396; x_wconf 88' lang='lat' dir='ltr'>erant</span> <span class='ocrx_word' id='word_1_95' title='bbox 396 1337 646 1418; x_wconf 82' lang='lat' dir='ltr'>portulispervii3</span> <span class='ocrx_word' id='word_1_96' title='bbox 669 1337 801 1415; x_wconf 91' lang='lat' dir='ltr'>portulas</span> <span class='ocrx_word' id='word_1_97' title='bbox 822 1344 923 1397; x_wconf 88' lang='lat' dir='ltr'>autern</span> <span class='ocrx_word' id='word_1_98' title='bbox 948 1344 977 1398; x_wconf 89' lang='lat' dir='ltr'>et</span> <span class='ocrx_word' id='word_1_99' title='bbox 1001 1339 1095 1418; x_wconf 89' lang='lat' dir='ltr'>spatia</span> 
     </span>
     <span class='ocr_line' id='line_1_13' title="bbox 117 1424 1096 1506; baseline 0.007 -25"><span class='ocrx_word' id='word_1_100' title='bbox 117 1424 363 1484; x_wconf 79' lang='lat' dir='ltr'>«cancellorum</span> <span class='ocrx_word' id='word_1_101' title='bbox 386 1425 450 1488; x_wconf 88' lang='lat' dir='ltr'>vela</span> <span class='ocrx_word' id='word_1_102' title='bbox 473 1426 611 1506; x_wconf 85' lang='lat' dir='ltr'>quaedam</span> <span class='ocrx_word' id='word_1_103' title='bbox 633 1424 825 1504; x_wconf 84' lang='lat' dir='ltr'>olitegebant.</span> <span class='ocrx_word' id='word_1_104' title='bbox 850 1426 999 1506; x_wconf 86' lang='lat' dir='ltr'>Suprema</span> <span class='ocrx_word' id='word_1_105' title='bbox 1026 1445 1096 1506; x_wconf 88' lang='lat' dir='ltr'>pars</span> 
     </span>
     <span class='ocr_line' id='line_1_14' title="bbox 119 1511 1096 1593; baseline 0.01 -27"><span class='ocrx_word' id='word_1_106' title='bbox 119 1533 133 1566; x_wconf 81' lang='lat' dir='ltr'>a</span> <span class='ocrx_word' id='word_1_107' title='bbox 156 1511 319 1572; x_wconf 87' lang='lat' dir='ltr'>sanctuarii</span> <span class='ocrx_word' id='word_1_108' title='bbox 334 1514 414 1593; x_wconf 78' lang='lat' dir='ltr'>apsis</span> <span class='ocrx_word' id='word_1_109' title='bbox 427 1513 594 1588; x_wconf 90' lang='lat' dir='ltr'>dicebatur,</span> <span class='ocrx_word' id='word_1_110' title='bbox 609 1513 771 1574; x_wconf 78' lang='lat' dir='ltr'>aedificium</span> <span class='ocrx_word' id='word_1_111' title='bbox 787 1513 899 1575; x_wconf 88' lang='lat' dir='ltr'>scilicet</span> <span class='ocrx_word' id='word_1_112' title='bbox 912 1515 1096 1576; x_wconf 82' lang='lat' dir='ltr'>semicirculi</span> 
     </span>
     <span class='ocr_line' id='line_1_15' title="bbox 119 1598 1096 1684; baseline 0.011 -30"><span class='ocrx_word' id='word_1_113' title='bbox 119 1623 133 1654; x_wconf 75' lang='lat' dir='ltr'>a</span> <span class='ocrx_word' id='word_1_114' title='bbox 157 1598 289 1662; x_wconf 84' lang='lat' dir='ltr'>formam</span> <span class='ocrx_word' id='word_1_115' title='bbox 303 1601 459 1677; x_wconf 86' lang='lat' dir='ltr'>exhibens,</span> <span class='ocrx_word' id='word_1_116' title='bbox 479 1603 530 1665; x_wconf 88' lang='lat' dir='ltr'>nbi</span> <span class='ocrx_word' id='word_1_117' title='bbox 555 1601 682 1663; x_wconf 87' lang='lat' dir='ltr'>thronus</span> <span class='ocrx_word' id='word_1_118' title='bbox 693 1603 833 1683; x_wconf 81' lang='lat' dir='ltr'>Episcopi</span> <span class='ocrx_word' id='word_1_119' title='bbox 848 1603 996 1684; x_wconf 89' lang='lat' dir='ltr'>sedesque</span> <span class='ocrx_word' id='word_1_120' title='bbox 1010 1611 1096 1666; x_wconf 86' lang='lat' dir='ltr'>erant</span> 
     </span>
     <span class='ocr_line' id='line_1_16' title="bbox 119 1689 591 1772; baseline 0.017 -26"><span class='ocrx_word' id='word_1_121' title='bbox 119 1712 134 1746; x_wconf 80' lang='lat' dir='ltr'>a</span> <span class='ocrx_word' id='word_1_122' title='bbox 156 1707 211 1751; x_wconf 87' lang='lat' dir='ltr'>sen</span> <span class='ocrx_word' id='word_1_123' title='bbox 225 1689 324 1752; x_wconf 85' lang='lat' dir='ltr'>throni</span> <span class='ocrx_word' id='word_1_124' title='bbox 337 1692 591 1772; x_wconf 82' lang='lat' dir='ltr'>presbyterorum.</span> 
     </span>
    </p>

    <p class='ocr_par' dir='ltr' id='par_1_4' title="bbox 118 1777 1097 2569">
     <span class='ocr_line' id='line_1_17' title="bbox 161 1777 1092 1862; baseline 0.004 -23"><span class='ocrx_word' id='word_1_125' title='bbox 161 1800 178 1838; x_wconf 75' lang='lat' dir='ltr'>a</span> <span class='ocrx_word' id='word_1_126' title='bbox 198 1777 233 1840; x_wconf 92' lang='lat' dir='ltr'>ln</span> <span class='ocrx_word' id='word_1_127' title='bbox 249 1779 350 1841; x_wconf 89' lang='lat' dir='ltr'>medio</span> <span class='ocrx_word' id='word_1_128' title='bbox 366 1782 565 1843; x_wconf 80' lang='lat' dir='ltr'>sanctuarioa</span> <span class='ocrx_word' id='word_1_129' title='bbox 581 1780 694 1862; x_wconf 87' lang='lat' dir='ltr'>pariete</span> <span class='ocrx_word' id='word_1_130' title='bbox 708 1779 879 1858; x_wconf 86' lang='lat' dir='ltr'>sejunctum</span> <span class='ocrx_word' id='word_1_131' title='bbox 890 1779 1092 1844; x_wconf 90' lang='lat' dir='ltr'>erataltare...</span> 
     </span>
     <span class='ocr_line' id='line_1_18' title="bbox 119 1867 1096 1952; baseline 0.007 -27"><span class='ocrx_word' id='word_1_132' title='bbox 119 1891 134 1924; x_wconf 78' lang='lat' dir='ltr'>a</span> <span class='ocrx_word' id='word_1_133' title='bbox 157 1867 248 1929; x_wconf 82' lang='lat' dir='ltr'>Initio</span> <span class='ocrx_word' id='word_1_134' title='bbox 263 1869 382 1950; x_wconf 82' lang='lat' dir='ltr'>lignea,</span> <span class='ocrx_word' id='word_1_135' title='bbox 398 1870 611 1950; x_wconf 89' lang='lat' dir='ltr'>utplurimum</span> <span class='ocrx_word' id='word_1_136' title='bbox 626 1875 711 1929; x_wconf 87' lang='lat' dir='ltr'>eraut</span> <span class='ocrx_word' id='word_1_137' title='bbox 722 1867 840 1943; x_wconf 90' lang='lat' dir='ltr'>altaria,</span> <span class='ocrx_word' id='word_1_138' title='bbox 857 1867 967 1930; x_wconf 89' lang='lat' dir='ltr'>deinde</span> <span class='ocrx_word' id='word_1_139' title='bbox 980 1869 1096 1952; x_wconf 90' lang='lat' dir='ltr'>lapidea</span> 
     </span>
     <span class='ocr_line' id='line_1_19' title="bbox 119 1955 1095 2037; baseline 0.007 -23"><span class='ocrx_word' id='word_1_140' title='bbox 119 1982 135 2014; x_wconf 89' lang='grc'>«</span> <span class='ocrx_word' id='word_1_141' title='bbox 157 1956 235 2019; x_wconf 84' lang='lat' dir='ltr'>lacta</span> <span class='ocrx_word' id='word_1_142' title='bbox 252 1966 360 2020; x_wconf 88' lang='lat' dir='ltr'>sunt...</span> <span class='ocrx_word' id='word_1_143' title='bbox 377 1960 480 2022; x_wconf 91' lang='lat' dir='ltr'>Unum</span> <span class='ocrx_word' id='word_1_144' title='bbox 500 1960 531 2020; x_wconf 92' lang='lat' dir='ltr'>in</span> <span class='ocrx_word' id='word_1_145' title='bbox 556 1957 661 2037; x_wconf 78' lang='lat' dir='ltr'>graecis</span> <span class='ocrx_word' id='word_1_146' title='bbox 680 1955 814 2018; x_wconf 87' lang='lat' dir='ltr'>ecclesiis</span> <span class='ocrx_word' id='word_1_147' title='bbox 835 1964 898 2019; x_wconf 87' lang='lat' dir='ltr'>erat</span> <span class='ocrx_word' id='word_1_148' title='bbox 917 1957 1029 2033; x_wconf 86' lang='lat' dir='ltr'>altare,</span> <span class='ocrx_word' id='word_1_149' title='bbox 1052 1959 1095 2021; x_wconf 90' lang='lat' dir='ltr'>uti</span> 
     </span>
     <span class='ocr_line' id='line_1_20' title="bbox 119 2045 1095 2128; baseline 0.008 -26"><span class='ocrx_word' id='word_1_150' title='bbox 119 2071 135 2103; x_wconf 82' lang='lat' dir='ltr'>a</span> <span class='ocrx_word' id='word_1_151' title='bbox 159 2066 243 2109; x_wconf 92' lang='lat' dir='ltr'>nunc</span> <span class='ocrx_word' id='word_1_152' title='bbox 266 2048 357 2108; x_wconf 91' lang='lat' dir='ltr'>etiam</span> <span class='ocrx_word' id='word_1_153' title='bbox 378 2053 442 2122; x_wconf 89' lang='lat' dir='ltr'>est;</span> <span class='ocrx_word' id='word_1_154' title='bbox 465 2047 516 2109; x_wconf 90' lang='lat' dir='ltr'>sed</span> <span class='ocrx_word' id='word_1_155' title='bbox 538 2047 621 2108; x_wconf 90' lang='lat' dir='ltr'>latini</span> <span class='ocrx_word' id='word_1_156' title='bbox 643 2047 706 2124; x_wconf 89' lang='lat' dir='ltr'>jam</span> <span class='ocrx_word' id='word_1_157' title='bbox 731 2045 801 2108; x_wconf 75' lang='lat' dir='ltr'>inde</span> <span class='ocrx_word' id='word_1_158' title='bbox 819 2046 857 2107; x_wconf 91' lang='lat' dir='ltr'>ab</span> <span class='ocrx_word' id='word_1_159' title='bbox 878 2048 1095 2128; x_wconf 86' lang='lat' dir='ltr'>antiquissimis</span> 
     </span>
     <span class='ocr_line' id='line_1_21' title="bbox 120 2135 1095 2218; baseline 0.009 -27"><span class='ocrx_word' id='word_1_160' title='bbox 120 2159 135 2191; x_wconf 81' lang='lat' dir='ltr'>a</span> <span class='ocrx_word' id='word_1_161' title='bbox 157 2136 347 2216; x_wconf 73' lang='lat' dir='ltr'>temporibus</span> <span class='ocrx_word' id='word_1_162' title='bbox 358 2136 446 2218; x_wconf 87' lang='lat' dir='ltr'>plura</span> <span class='ocrx_word' id='word_1_163' title='bbox 457 2137 488 2197; x_wconf 91' lang='lat' dir='ltr'>in</span> <span class='ocrx_word' id='word_1_164' title='bbox 503 2140 565 2198; x_wconf 80' lang='lat' dir='ltr'>una</span> <span class='ocrx_word' id='word_1_165' title='bbox 580 2135 706 2198; x_wconf 72' lang='lat' dir='ltr'>ecclesia</span> <span class='ocrx_word' id='word_1_166' title='bbox 721 2135 823 2214; x_wconf 83' lang='lat' dir='ltr'>altaria</span> <span class='ocrx_word' id='word_1_167' title='bbox 838 2135 948 2198; x_wconf 86' lang='lat' dir='ltr'>habere</span> <span class='ocrx_word' id='word_1_168' title='bbox 963 2157 1095 2200; x_wconf 90' lang='lat' dir='ltr'>consue·</span> 
     </span>
     <span class='ocr_line' id='line_1_22' title="bbox 120 2224 1096 2305; baseline 0.005 -22"><span class='ocrx_word' id='word_1_169' title='bbox 120 2248 137 2283; x_wconf 85' lang='lat' dir='ltr'>a</span> <span class='ocrx_word' id='word_1_170' title='bbox 158 2233 277 2287; x_wconf 86' lang='lat' dir='ltr'>verunt.</span> <span class='ocrx_word' id='word_1_171' title='bbox 288 2226 388 2288; x_wconf 79' lang='lat' dir='ltr'>Altare</span> <span class='ocrx_word' id='word_1_172' title='bbox 402 2224 561 2304; x_wconf 83' lang='lat' dir='ltr'>obtegebat</span> <span class='ocrx_word' id='word_1_173' title='bbox 572 2226 700 2286; x_wconf 90' lang='lat' dir='ltr'>linteum</span> <span class='ocrx_word' id='word_1_174' title='bbox 710 2232 800 2305; x_wconf 89' lang='lat' dir='ltr'>atque</span> <span class='ocrx_word' id='word_1_175' title='bbox 810 2225 937 2286; x_wconf 88' lang='lat' dir='ltr'>ornabat</span> <span class='ocrx_word' id='word_1_176' title='bbox 946 2225 1096 2288; x_wconf 89' lang='lat' dir='ltr'>ciborium</span> 
     </span>
     <span class='ocr_line' id='line_1_23' title="bbox 119 2313 1097 2394; baseline 0.007 -25"><span class='ocrx_word' id='word_1_177' title='bbox 119 2337 136 2370; x_wconf 82' lang='lat' dir='ltr'>a</span> <span class='ocrx_word' id='word_1_178' title='bbox 159 2313 515 2394; x_wconf 83' lang='lat' dir='ltr'>(hocest,umbraculnnr</span> <span class='ocrx_word' id='word_1_179' title='bbox 531 2313 618 2375; x_wconf 88' lang='lat' dir='ltr'>altius</span> <span class='ocrx_word' id='word_1_180' title='bbox 628 2313 772 2374; x_wconf 88' lang='lat' dir='ltr'>eductum</span> <span class='ocrx_word' id='word_1_181' title='bbox 783 2331 844 2389; x_wconf 78' lang='lat' dir='ltr'>ouo</span> <span class='ocrx_word' id='word_1_182' title='bbox 858 2314 997 2375; x_wconf 90' lang='lat' dir='ltr'>universa</span> <span class='ocrx_word' id='word_1_183' title='bbox 1012 2333 1097 2377; x_wconf 87' lang='lat' dir='ltr'>sacra</span> 
     </span>
     <span class='ocr_line' id='line_1_24' title="bbox 118 2399 1096 2484; baseline 0.006 -25"><span class='ocrx_word' id='word_1_184' title='bbox 118 2426 135 2459; x_wconf 78' lang='lat' dir='ltr'>a</span> <span class='ocrx_word' id='word_1_185' title='bbox 158 2421 263 2464; x_wconf 88' lang='lat' dir='ltr'>mensa</span> <span class='ocrx_word' id='word_1_186' title='bbox 277 2402 446 2482; x_wconf 77' lang='lat' dir='ltr'>tegebatur)</span> <span class='ocrx_word' id='word_1_187' title='bbox 461 2407 490 2463; x_wconf 86' lang='lat' dir='ltr'>et</span> <span class='ocrx_word' id='word_1_188' title='bbox 504 2421 579 2464; x_wconf 83' lang='lat' dir='ltr'>crux</span> <span class='ocrx_word' id='word_1_189' title='bbox 594 2403 625 2463; x_wconf 91' lang='lat' dir='ltr'>in</span> <span class='ocrx_word' id='word_1_190' title='bbox 639 2419 676 2463; x_wconf 92' lang='lat' dir='ltr'>eo</span> <span class='ocrx_word' id='word_1_191' title='bbox 690 2399 803 2476; x_wconf 88' lang='lat' dir='ltr'>stabat,</span> <span class='ocrx_word' id='word_1_192' title='bbox 817 2406 848 2462; x_wconf 90' lang='lat' dir='ltr'>et</span> <span class='ocrx_word' id='word_1_193' title='bbox 863 2403 958 2484; x_wconf 79' lang='lat' dir='ltr'>prope</span> <span class='ocrx_word' id='word_1_194' title='bbox 972 2421 1096 2465; x_wconf 87' lang='lat' dir='ltr'>crucem</span> 
     </span>
     <span class='ocr_line' id='line_1_25' title="bbox 118 2490 678 2569; baseline 0.005 -19"><span class='ocrx_word' id='word_1_195' title='bbox 118 2517 133 2550; x_wconf 80' lang='lat' dir='ltr'>a</span> <span class='ocrx_word' id='word_1_196' title='bbox 157 2510 195 2553; x_wconf 88' lang='lat' dir='ltr'>ex</span> <span class='ocrx_word' id='word_1_197' title='bbox 209 2500 339 2569; x_wconf 83' lang='lat' dir='ltr'>utroque</span> <span class='ocrx_word' id='word_1_198' title='bbox 353 2490 445 2551; x_wconf 92' lang='lat' dir='ltr'>latere</span> <span class='ocrx_word' id='word_1_199' title='bbox 459 2490 678 2553; x_wconf 88' lang='lat' dir='ltr'>caudelabra...</span> 
     </span>
    </p>

    <p class='ocr_par' dir='ltr' id='par_1_5' title="bbox 115 2579 1097 3355">
     <span class='ocr_line' id='line_1_26' title="bbox 161 2579 1097 2662; baseline 0.004 -22"><span class='ocrx_word' id='word_1_200' title='bbox 161 2579 368 2642; x_wconf 75' lang='lat' dir='ltr'>«Exteriores</span> <span class='ocrx_word' id='word_1_201' title='bbox 387 2579 523 2642; x_wconf 89' lang='lat' dir='ltr'>ecclesiae</span> <span class='ocrx_word' id='word_1_202' title='bbox 546 2587 646 2662; x_wconf 88' lang='lat' dir='ltr'>partes</span> <span class='ocrx_word' id='word_1_203' title='bbox 667 2586 790 2643; x_wconf 87' lang='lat' dir='ltr'>erant...</span> <span class='ocrx_word' id='word_1_204' title='bbox 815 2579 948 2642; x_wconf 73' lang='lat' dir='ltr'>exterior</span> <span class='ocrx_word' id='word_1_205' title='bbox 969 2580 1097 2644; x_wconf 75' lang='lat' dir='ltr'>horthea</span> 
     </span>
     <span class='ocr_line' id='line_1_27' title="bbox 115 2668 1093 2752; baseline 0.003 -24"><span class='ocrx_word' id='word_1_206' title='bbox 115 2695 131 2728; x_wconf 81' lang='lat' dir='ltr'>a</span> <span class='ocrx_word' id='word_1_207' title='bbox 156 2670 209 2752; x_wconf 94' lang='lat' dir='ltr'>qui</span> <span class='ocrx_word' id='word_1_208' title='bbox 224 2668 405 2730; x_wconf 88' lang='lat' dir='ltr'>vestibulum</span> <span class='ocrx_word' id='word_1_209' title='bbox 417 2677 447 2730; x_wconf 91' lang='lat' dir='ltr'>et</span> <span class='ocrx_word' id='word_1_210' title='bbox 460 2669 571 2731; x_wconf 89' lang='lat' dir='ltr'>atrium</span> <span class='ocrx_word' id='word_1_211' title='bbox 584 2716 592 2742; x_wconf 95' lang='lat'>,</span> <span class='ocrx_word' id='word_1_212' title='bbox 609 2669 669 2730; x_wconf 89' lang='lat' dir='ltr'>sive</span> <span class='ocrx_word' id='word_1_213' title='bbox 681 2687 783 2730; x_wconf 90' lang='lat' dir='ltr'>aream</span> <span class='ocrx_word' id='word_1_214' title='bbox 796 2669 1093 2751; x_wconf 80' lang='lat' dir='ltr'>comprohenilcbat3</span> 
     </span>
     <span class='ocr_line' id='line_1_28' title="bbox 115 2757 1092 2839; baseline 0.005 -25"><span class='ocrx_word' id='word_1_215' title='bbox 115 2784 131 2816; x_wconf 78' lang='lat' dir='ltr'>a</span> <span class='ocrx_word' id='word_1_216' title='bbox 155 2757 330 2822; x_wconf 81' lang='lat' dir='ltr'>uestibulum</span> <span class='ocrx_word' id='word_1_217' title='bbox 345 2759 534 2839; x_wconf 84' lang='lat' dir='ltr'>eratprimus</span> <span class='ocrx_word' id='word_1_218' title='bbox 544 2757 739 2831; x_wconf 87' lang='lat' dir='ltr'>aditus,inter</span> <span class='ocrx_word' id='word_1_219' title='bbox 751 2777 843 2838; x_wconf 89' lang='lat' dir='ltr'>quem</span> <span class='ocrx_word' id='word_1_220' title='bbox 854 2766 883 2820; x_wconf 89' lang='lat' dir='ltr'>et</span> <span class='ocrx_word' id='word_1_221' title='bbox 894 2759 1092 2822; x_wconf 87' lang='lat' dir='ltr'>ecclesiam...</span> 
     </span>
     <span class='ocr_line' id='line_1_29' title="bbox 118 2845 1094 2922; baseline -0.004 -12"><span class='ocrx_word' id='word_1_222' title='bbox 118 2873 131 2902; x_wconf 76' lang='lat' dir='ltr'>a</span> <span class='ocrx_word' id='word_1_223' title='bbox 155 2847 257 2910; x_wconf 88' lang='lat' dir='ltr'>media</span> <span class='ocrx_word' id='word_1_224' title='bbox 270 2853 333 2908; x_wconf 87' lang='lat' dir='ltr'>erat</span> <span class='ocrx_word' id='word_1_225' title='bbox 343 2863 413 2908; x_wconf 78' lang='lat' dir='ltr'>area</span> <span class='ocrx_word' id='word_1_226' title='bbox 426 2845 487 2908; x_wconf 86' lang='lat' dir='ltr'>sive</span> <span class='ocrx_word' id='word_1_227' title='bbox 499 2847 623 2908; x_wconf 68' lang='lat' dir='ltr'>atrium.</span> <span class='ocrx_word' id='word_1_228' title='bbox 632 2847 715 2907; x_wconf 86' lang='lat' dir='ltr'>locus</span> <span class='ocrx_word' id='word_1_229' title='bbox 729 2847 844 2908; x_wconf 87' lang='lat' dir='ltr'>scilicet</span> <span class='ocrx_word' id='word_1_230' title='bbox 857 2849 944 2922; x_wconf 86' lang='lat' dir='ltr'>cujus</span> <span class='ocrx_word' id='word_1_231' title='bbox 958 2846 1094 2907; x_wconf 89' lang='lat' dir='ltr'>medium</span> 
     </span>
     <span class='ocr_line' id='line_1_30' title="bbox 119 2934 1096 3015; baseline 0.004 -21"><span class='ocrx_word' id='word_1_232' title='bbox 119 2960 135 2994; x_wconf 85' lang='lat' dir='ltr'>a</span> <span class='ocrx_word' id='word_1_233' title='bbox 155 2937 213 2999; x_wconf 93' lang='lat' dir='ltr'>sub</span> <span class='ocrx_word' id='word_1_234' title='bbox 223 2935 274 2996; x_wconf 92' lang='lat' dir='ltr'>dio</span> <span class='ocrx_word' id='word_1_235' title='bbox 283 2941 362 3010; x_wconf 88' lang='lat' dir='ltr'>erat;</span> <span class='ocrx_word' id='word_1_236' title='bbox 375 2935 465 2997; x_wconf 86' lang='lat' dir='ltr'>latera</span> <span class='ocrx_word' id='word_1_237' title='bbox 475 2936 547 2996; x_wconf 81' lang='lat' dir='ltr'>verb</span> <span class='ocrx_word' id='word_1_238' title='bbox 562 2942 693 3014; x_wconf 88' lang='lat' dir='ltr'>quatuor</span> <span class='ocrx_word' id='word_1_239' title='bbox 706 2934 871 3015; x_wconf 89' lang='lat' dir='ltr'>porticibus</span> <span class='ocrx_word' id='word_1_240' title='bbox 880 2934 1096 3014; x_wconf 83' lang='lat' dir='ltr'>cingebantur.</span> 
     </span>
     <span class='ocr_line' id='line_1_31' title="bbox 120 3021 1092 3104; baseline 0.003 -22"><span class='ocrx_word' id='word_1_241' title='bbox 120 3049 134 3082; x_wconf 82' lang='lat' dir='ltr'>a</span> <span class='ocrx_word' id='word_1_242' title='bbox 155 3025 250 3086; x_wconf 86' lang='lat' dir='ltr'>Erant</span> <span class='ocrx_word' id='word_1_243' title='bbox 265 3025 295 3084; x_wconf 92' lang='lat' dir='ltr'>in</span> <span class='ocrx_word' id='word_1_244' title='bbox 318 3023 418 3085; x_wconf 88' lang='lat' dir='ltr'>medio</span> <span class='ocrx_word' id='word_1_245' title='bbox 435 3042 522 3104; x_wconf 88' lang='lat' dir='ltr'>aqnae</span> <span class='ocrx_word' id='word_1_246' title='bbox 543 3023 684 3083; x_wconf 82' lang='lat' dir='ltr'>salientes</span> <span class='ocrx_word' id='word_1_247' title='bbox 707 3041 758 3083; x_wconf 90' lang='lat' dir='ltr'>seu</span> <span class='ocrx_word' id='word_1_248' title='bbox 778 3024 859 3104; x_wconf 89' lang='lat' dir='ltr'>putei</span> <span class='ocrx_word' id='word_1_249' title='bbox 883 3030 912 3083; x_wconf 87' lang='lat' dir='ltr'>et</span> <span class='ocrx_word' id='word_1_250' title='bbox 935 3021 1092 3100; x_wconf 82' lang='lat' dir='ltr'>canthari,</span> 
     </span>
     <span class='ocr_line' id='line_1_32' title="bbox 119 3110 1094 3191; baseline 0.004 -19"><span class='ocrx_word' id='word_1_251' title='bbox 119 3138 134 3172; x_wconf 80' lang='lat' dir='ltr'>r</span> <span class='ocrx_word' id='word_1_252' title='bbox 155 3123 208 3178; x_wconf 90' lang='lat' dir='ltr'>aut</span> <span class='ocrx_word' id='word_1_253' title='bbox 227 3111 352 3176; x_wconf 81' lang='lat' dir='ltr'>conchae</span> <span class='ocrx_word' id='word_1_254' title='bbox 370 3111 422 3173; x_wconf 91' lang='lat' dir='ltr'>ubi</span> <span class='ocrx_word' id='word_1_255' title='bbox 441 3111 601 3173; x_wconf 87' lang='lat' dir='ltr'>Christiani</span> <span class='ocrx_word' id='word_1_256' title='bbox 625 3110 773 3191; x_wconf 87' lang='lat' dir='ltr'>templum</span> <span class='ocrx_word' id='word_1_257' title='bbox 796 3111 959 3191; x_wconf 73' lang='lat' dir='ltr'>ingressuri</span> <span class='ocrx_word' id='word_1_258' title='bbox 985 3129 1094 3176; x_wconf 79' lang='lat' dir='ltr'>uranus</span> 
     </span>
     <span class='ocr_line' id='line_1_33' title="bbox 120 3199 1093 3284; baseline 0.002 -22"><span class='ocrx_word' id='word_1_259' title='bbox 120 3228 134 3262; x_wconf 83' lang='lat' dir='ltr'>a</span> <span class='ocrx_word' id='word_1_260' title='bbox 155 3210 185 3266; x_wconf 82' lang='lat' dir='ltr'>et</span> <span class='ocrx_word' id='word_1_261' title='bbox 197 3220 233 3265; x_wconf 90' lang='lat' dir='ltr'>os</span> <span class='ocrx_word' id='word_1_262' title='bbox 246 3200 405 3276; x_wconf 84' lang='lat' dir='ltr'>lavabant,</span> <span class='ocrx_word' id='word_1_263' title='bbox 421 3199 502 3262; x_wconf 88' lang='lat' dir='ltr'>unde</span> <span class='ocrx_word' id='word_1_264' title='bbox 522 3219 595 3261; x_wconf 87' lang='lat' dir='ltr'>usus</span> <span class='ocrx_word' id='word_1_265' title='bbox 615 3218 701 3280; x_wconf 87' lang='lat' dir='ltr'>aquae</span> <span class='ocrx_word' id='word_1_266' title='bbox 722 3199 889 3262; x_wconf 84' lang='lat' dir='ltr'>benedictae</span> <span class='ocrx_word' id='word_1_267' title='bbox 912 3201 1093 3284; x_wconf 88' lang='lat' dir='ltr'>repetendus</span> 
     </span>
     <span class='ocr_line' id='line_1_34' title="bbox 119 3299 210 3355; baseline 0.055 -5"><span class='ocrx_word' id='word_1_268' title='bbox 119 3315 136 3350; x_wconf 81' lang='lat' dir='ltr'>u</span> <span class='ocrx_word' id='word_1_269' title='bbox 155 3299 210 3355; x_wconf 90' lang='lat' dir='ltr'>est.</span> 
     </span>
    </p>

    <p class='ocr_par' dir='ltr' id='par_1_6' title="bbox 118 3376 1091 3901">
     <span class='ocr_line' id='line_1_35' title="bbox 159 3376 1089 3443; baseline 0.001 -2"><span class='ocrx_word' id='word_1_270' title='bbox 159 3382 309 3443; x_wconf 74' lang='lat' dir='ltr'>«Caetera</span> <span class='ocrx_word' id='word_1_271' title='bbox 331 3377 459 3441; x_wconf 80' lang='lat' dir='ltr'>aedilicia</span> <span class='ocrx_word' id='word_1_272' title='bbox 483 3378 599 3440; x_wconf 83' lang='lat' dir='ltr'>circbm</span> <span class='ocrx_word' id='word_1_273' title='bbox 617 3377 776 3440; x_wconf 92' lang='lat' dir='ltr'>ecclesiam</span> <span class='ocrx_word' id='word_1_274' title='bbox 798 3376 1004 3439; x_wconf 73' lang='lat' dir='ltr'>exhedrarum</span> <span class='ocrx_word' id='word_1_275' title='bbox 1033 3399 1089 3442; x_wconf 60' lang='lat' dir='ltr'>no⁴</span> 
     </span>
     <span class='ocr_line' id='line_1_36' title="bbox 119 3467 1091 3547; baseline 0.004 -19"><span class='ocrx_word' id='word_1_276' title='bbox 119 3493 135 3528; x_wconf 79' lang='lat' dir='ltr'>a</span> <span class='ocrx_word' id='word_1_277' title='bbox 156 3471 240 3532; x_wconf 88' lang='lat' dir='ltr'>mine</span> <span class='ocrx_word' id='word_1_278' title='bbox 256 3467 452 3544; x_wconf 81' lang='lat' dir='ltr'>vocabantur,</span> <span class='ocrx_word' id='word_1_279' title='bbox 463 3485 559 3547; x_wconf 88' lang='lat' dir='ltr'>eaque</span> <span class='ocrx_word' id='word_1_280' title='bbox 574 3475 659 3529; x_wconf 88' lang='lat' dir='ltr'>erant</span> <span class='ocrx_word' id='word_1_281' title='bbox 670 3467 892 3547; x_wconf 81' lang='lat' dir='ltr'>Baptr&#39;sterium,</span> <span class='ocrx_word' id='word_1_282' title='bbox 904 3470 1091 3532; x_wconf 79' lang='lat' dir='ltr'>secretariam</span> 
     </span>
     <span class='ocr_line' id='line_1_37' title="bbox 120 3555 1091 3638; baseline -0.002 -20"><span class='ocrx_word' id='word_1_283' title='bbox 120 3584 134 3618; x_wconf 81' lang='lat' dir='ltr'>a</span> <span class='ocrx_word' id='word_1_284' title='bbox 154 3560 217 3624; x_wconf 85' lang='lat' dir='ltr'>sive</span> <span class='ocrx_word' id='word_1_285' title='bbox 230 3557 414 3631; x_wconf 80' lang='lat' dir='ltr'>diaconicon,</span> <span class='ocrx_word' id='word_1_286' title='bbox 425 3555 661 3638; x_wconf 82' lang='lat' dir='ltr'>pastophoriam,</span> <span class='ocrx_word' id='word_1_287' title='bbox 676 3555 786 3629; x_wconf 81' lang='lat' dir='ltr'>schola,</span> <span class='ocrx_word' id='word_1_288' title='bbox 803 3555 988 3618; x_wconf 81' lang='lat' dir='ltr'>bibliotheca.</span> <span class='ocrx_word' id='word_1_289' title='bbox 1004 3555 1091 3638; x_wconf 83' lang='lat' dir='ltr'>Bap-</span> 
     </span>
     <span class='ocr_line' id='line_1_38' title="bbox 119 3643 1089 3726; baseline -0.002 -18"><span class='ocrx_word' id='word_1_290' title='bbox 119 3671 135 3708; x_wconf 77' lang='grc' dir='ltr'>α</span> <span class='ocrx_word' id='word_1_291' title='bbox 155 3647 305 3710; x_wconf 69' lang='lat' dir='ltr'>clotarium</span> <span class='ocrx_word' id='word_1_292' title='bbox 319 3653 382 3707; x_wconf 89' lang='lat' dir='ltr'>erat</span> <span class='ocrx_word' id='word_1_293' title='bbox 395 3645 466 3706; x_wconf 89' lang='lat' dir='ltr'>satis</span> <span class='ocrx_word' id='word_1_294' title='bbox 479 3645 614 3726; x_wconf 91' lang='lat' dir='ltr'>amplum</span> <span class='ocrx_word' id='word_1_295' title='bbox 631 3643 813 3717; x_wconf 83' lang='lat' dir='ltr'>aediticium,</span> <span class='ocrx_word' id='word_1_296' title='bbox 829 3661 865 3707; x_wconf 88' lang='lat' dir='ltr'>ac</span> <span class='ocrx_word' id='word_1_297' title='bbox 878 3643 996 3707; x_wconf 86' lang='lat' dir='ltr'>duabus</span> <span class='ocrx_word' id='word_1_298' title='bbox 1011 3663 1089 3706; x_wconf 89' lang='lat' dir='ltr'>con-</span> 
     </span>
     <span class='ocr_line' id='line_1_39' title="bbox 118 3732 1090 3816; baseline -0.004 -18"><span class='ocrx_word' id='word_1_299' title='bbox 118 3761 136 3798; x_wconf 74' lang='grc' dir='ltr'>ι</span> <span class='ocrx_word' id='word_1_300' title='bbox 154 3736 253 3802; x_wconf 80' lang='lat' dir='ltr'>subn</span> <span class='ocrx_word' id='word_1_301' title='bbox 267 3735 414 3816; x_wconf 86' lang='lat' dir='ltr'>partibus:</span> <span class='ocrx_word' id='word_1_302' title='bbox 431 3733 579 3796; x_wconf 83' lang='lat' dir='ltr'>vestibulo</span> <span class='ocrx_word' id='word_1_303' title='bbox 590 3735 619 3794; x_wconf 92' lang='lat' dir='ltr'>in</span> <span class='ocrx_word' id='word_1_304' title='bbox 635 3751 696 3814; x_wconf 89' lang='lat' dir='ltr'>quo</span> <span class='ocrx_word' id='word_1_305' title='bbox 711 3732 918 3795; x_wconf 87' lang='lat' dir='ltr'>catechumeni</span> <span class='ocrx_word' id='word_1_306' title='bbox 932 3735 1090 3794; x_wconf 87' lang='lat' dir='ltr'>abrenun-</span> 
     </span>
     <span class='ocr_line' id='line_1_40' title="bbox 119 3821 1089 3901; baseline -0.004 -15"><span class='ocrx_word' id='word_1_307' title='bbox 119 3825 296 3888; x_wconf 74' lang='lat' dir='ltr'>«nationes</span> <span class='ocrx_word' id='word_1_308' title='bbox 320 3823 514 3896; x_wconf 87' lang='lat' dir='ltr'>emittebant,</span> <span class='ocrx_word' id='word_1_309' title='bbox 535 3841 570 3885; x_wconf 90' lang='lat' dir='ltr'>ac</span> <span class='ocrx_word' id='word_1_310' title='bbox 589 3822 682 3884; x_wconf 90' lang='lat' dir='ltr'>domo</span> <span class='ocrx_word' id='word_1_311' title='bbox 703 3822 837 3884; x_wconf 82' lang='lat' dir='ltr'>interiori</span> <span class='ocrx_word' id='word_1_312' title='bbox 857 3823 888 3882; x_wconf 91' lang='lat' dir='ltr'>in</span> <span class='ocrx_word' id='word_1_313' title='bbox 912 3825 972 3901; x_wconf 82' lang='lat' dir='ltr'>qna</span> <span class='ocrx_word' id='word_1_314' title='bbox 999 3821 1089 3882; x_wconf 83' lang='lat' dir='ltr'>fiebat</span> 
     </span>
    </p>
   </div>
   <div class='ocr_carea' id='block_1_3' title="bbox 959 3896 1020 3946">
    <p class='ocr_par' dir='ltr' id='par_1_7' title="bbox 959 3896 1020 3946">
     <span class='ocr_line' id='line_1_41' title="bbox 959 3896 1020 3946; baseline -0.066 -20"><span class='ocrx_word' id='word_1_315' title='bbox 959 3896 1020 3946; x_wconf 67' lang='lat' dir='ltr'>ptr*</span> 
     </span>
    </p>
   </div>
   <div class='ocr_carea' id='block_1_4' title="bbox 0 0 1312 4196">
    <p class='ocr_par' dir='ltr' id='par_1_8' title="bbox 0 0 1312 4196">
     <span class='ocr_line' id='line_1_42' title="bbox 0 0 1312 4196; baseline 0 0"><span class='ocrx_word' id='word_1_316' title='bbox 0 0 1312 4196; x_wconf 95' lang='lat' dir='ltr'> </span> 
     </span>
    </p>
   </div>
  </div>
 </body>
</html>
