2552 4204
202 277 257 337 tua
477 295 629 342 unaucurt
649 293 731 340 sums
752 291 900 338 mnonrcv.

239 406 378 468 Diximus
389 407 422 466 2·
436 402 475 464 Ia
488 401 616 464 simonio
630 401 707 464 reoli
716 399 882 482 contrajac
892 397 1038 464 diuinam.
1053 400 1186 464 Contro-

199 495 325 558 vertitur
343 502 445 554 tamen
456 511 494 554 an
508 510 571 554 non
588 491 679 554 etiam
693 488 927 572 parsimoniam
942 490 1056 552 realem
1077 499 1185 554 contro

198 584 248 663 juo
269 581 496 645 ecclesiasticum
518 580 714 642 incurrantur
737 594 837 660 poenoe
864 582 971 640 contra
999 578 1189 642 simoniacos

201 671 287 734 latae:
302 689 331 733 v.
343 690 374 752 g.
390 669 496 751 siquis
510 667 627 732 emeret
640 667 774 731 officium
786 665 930 742 sacristae,
944 668 1111 745 oeconomi,
1126 674 1186 734 eto.

200 759 311 840 Opinio
320 767 433 828 antem,
444 761 508 820 tam
521 758 676 820 affirmans
685 759 781 840 quarn
792 773 918 838 negans,
932 753 1061 820 babetur
1070 764 1105 820 ut
1120 776 1189 840 pro-

202 848 309 911 babilis
323 851 341 910 a
353 849 385 911 S.
403 847 526 928 Lignor.

240 940 280 1002 Ut
297 944 401 1000 autem
416 935 613 1000 deveniamus
628 955 712 999 nunc
726 935 764 997 ad
778 933 923 1015 speciales
937 951 1044 1015 poenas
1059 936 1078 996 a
1092 935 1190 1000 sacris

209 1028 371 1090 varonibus
381 1033 488 1089 contra
500 1026 662 1088 simoniam
675 1025 816 1100 sancitas,
832 1022 998 1085 dicendum
1010 1029 1058 1086 est
1072 1041 1082 1086 a

242 1119 311 1178 885.
337 1118 368 1176 l·
377 1117 423 1177 Ex
436 1133 503 1195 cap.
515 1119 528 1175 l
547 1115 666 1176 Extrav.
679 1114 724 1176 De
734 1112 870 1186 simonio,
878 1119 1101 1192 presumentes
1114 1112 1189 1176 dare

203 1211 254 1266 aut
267 1205 404 1284 accipere
418 1202 532 1284 aliquid
547 1221 601 1284 pro
617 1203 756 1283 ingressu
772 1203 804 1263 in
819 1199 1009 1280 Religionem
1022 1200 1189 1264 incurrunt

204 1293 268 1372 ipso
281 1291 360 1354 lacto
374 1291 723 1356 excommunicationem
734 1289 883 1372 papalem.
895 1286 955 1352 Sed
965 1288 1053 1353 valde
1065 1297 1110 1353 est
1118 1309 1190 1372 pro-

204 1380 303 1444 babile
320 1380 404 1463 qndd
428 1399 490 1443 non
510 1381 682 1443 incurratur
696 1379 727 1442 in
749 1378 878 1462 simplici
902 1378 1052 1461 ingressu,
1077 1380 1131 1441 sed
1154 1380 1188 1442 in

204 1468 401 1550 professione,
417 1488 486 1551 quae
496 1475 598 1531 tamen
610 1470 694 1530 certb
704 1475 749 1531 est
763 1468 870 1538 valida,
888 1467 945 1530 hoc
956 1486 1018 1530 non
1030 1468 1186 1544 obstante,

204 1559 258 1617 etri
274 1560 460 1620 annuariam
474 1558 553 1618 dicat
569 1559 683 1621 ductor
696 1558 835 1620 Proelect.
844 1557 877 1620 S.
889 1555 994 1630 Sala..
1008 1567 1043 1619 n⁰
1056 1561 1132 1627 693,
1152 1578 1188 1630 p.

190 1649 193 1655 ·
213 1629 281 1688 298.
304 1625 425 1689 Servata
448 1627 494 1684 est
507 1641 660 1686 excomm.
674 1630 823 1686 reservata
840 1643 895 1707 per
910 1627 943 1688 G.
963 1630 1053 1708 Apoat
1083 1628 1186 1694 dedis.

251 1713 448 1795 Siaccipiens
462 1713 499 1774 sit
513 1713 630 1792 integra
640 1713 843 1775 communitas
856 1720 909 1776 aut
922 1715 1109 1796 Capitulum,
1122 1736 1188 1782 non

211 1801 557 1868 excommunicationem
569 1800 706 1877 incurrit,
721 1799 775 1864 sed
789 1802 1021 1882 suspensionem
1031 1805 1123 1885 Papae
1136 1825 1186 1869 re·

210 1902 357 1956 servatam
373 1891 413 1954 ob
435 1889 546 1967 officio,
564 1888 742 1952 executione
755 1889 834 1969 juris
847 1891 1020 1975 capitularis
1039 1898 1070 1955 et
1082 1894 1185 1957 admi·
1273 1931 1274 1934 =

211 1981 388 2045 nistratione
400 1978 628 2058 jurisdictionis.

248 2074 322 2132 Item
337 2068 503 2129 incurritur
514 2084 551 2128 ex
566 2068 696 2148 utruque
710 2075 793 2148 parte
805 2067 928 2130 infamia
933 2068 1022 2148 juris,
1036 2077 1068 2133 et
1079 2071 1181 2152 proin·

207 2157 245 2220 de
261 2156 465 2237 irregularitas
474 2174 484 2232 ;
503 2154 669 2218 simoniaca
688 2162 790 2218 autem
805 2156 956 2220 admissus
972 2157 1063 2220 debet
1078 2167 1180 2223 trans·

207 2245 277 2310 lerri
297 2251 364 2326 post
383 2243 562 2306 sententiam
587 2243 619 2304 in
633 2243 745 2309 arctius
760 2247 992 2321 monasterium,
1016 2263 1055 2309 ex
1072 2249 1178 2312 eudem

206 2337 328 2400 Extrav.
1271 2403 1272 2406 ,

244 2427 315 2488 886.
341 2427 375 2486 2⁰
402 2423 487 2487 Ultra
514 2422 860 2486 excommunicationem
882 2428 913 2487 et
939 2425 1175 2504 suspensionem
1271 2441 1272 2519 t

205 2515 356 2594 papalem,
368 2510 509 2593 Episcopi
522 2509 687 2572 simoniace
698 2511 883 2587 ordinantes,
898 2517 927 2574 et
940 2511 978 2573 ad
992 2513 1022 2574 id
1032 2514 1175 2579 mediato·

197 2621 262 2676 res,
277 2602 435 2664 incurrunt
448 2601 514 2680 ipso
528 2599 607 2662 lacto
620 2600 814 2662 interdictum
827 2599 867 2662 ab
882 2601 1019 2682 ingressu
1035 2604 1172 2669 ecclesiae
1270 2641 1271 2644 =

203 2690 283 2770 (cap.
297 2691 370 2752 cam
379 2688 544 2750 detectabile
553 2692 584 2764 2,
597 2689 716 2752 Extrav.
730 2689 775 2751 De
784 2690 937 2771 simonio).
953 2691 992 2750 Et
1006 2691 1031 2752 si
1042 2692 1170 2758 violave·

202 2779 262 2840 rint
275 2779 504 2858 suspensionem
519 2785 570 2838 aut
587 2777 795 2856 interdictum,
814 2777 1043 2859 suspenduntur
1056 2783 1074 2841 a
1089 2783 1168 2863 regi-

202 2868 283 2930 mine
303 2868 444 2930 Ecclesiae
460 2884 535 2942 sure,
550 2873 578 2928 et
586 2866 741 2946 privantur
748 2869 939 2949 perceptione
950 2867 1106 2932 fructuum
1120 2871 1167 2952 (ar
1269 2867 1270 2878 ’

202 2965 280 3018 motu
304 2957 378 3017 sixti
398 2955 445 3036 V).
469 2957 645 3034 suppressae
668 2964 738 3016 sunt
752 2955 799 3017 bae
818 2974 955 3018 censurae
970 2957 1002 3019 C.
1019 2958 1079 3040 Ap.
1097 2961 1164 3023 Sed.

239 3045 376 3108 Ordinati
397 3044 469 3104 verd
484 3045 560 3103 ultra
575 3042 748 3121 praedictam
769 3045 1119 3111 excommunicationem
1139 3057 1169 3112 et
1268 3087 1269 3090 =

204 3134 429 3214 suspensionem
446 3131 535 3209 Papae
550 3139 741 3210 reservatam,
760 3134 987 3214 suspenduntur
1008 3135 1076 3217 ipso
1091 3138 1169 3200 lacto
1267 3207 1268 3218 ,

200 3223 239 3286 ab
258 3221 401 3283 exercitio
420 3238 547 3281 suorum
566 3220 724 3298 ordinum,
749 3223 801 3284 sed
826 3223 1021 3304 probabiliter
1041 3225 1168 3289 illorum

199 3311 342 3373 duntaxat
356 3309 407 3392 qui
419 3310 584 3371 simoniace
596 3310 640 3370 sie
654 3310 775 3372 luerunt
790 3313 915 3392 recepti,
927 3330 963 3374 ae
976 3313 1069 3376 etiarn
1086 3315 1170 3398 aspa
1267 3313 1268 3322 ’

199 3399 381 3460 ascendendi
396 3399 432 3459 ad
448 3400 618 3478 superiores
632 3399 753 3462 ordines
765 3401 898 3478 (Extrav.
913 3399 985 3464 Cium
1000 3402 1171 3470 detestabile

199 3487 971 3568 citata3etBulltSixtiV).bblataesunthaecensurae
982 3491 1168 3574 uApSat

237 3577 267 3637 Si
279 3578 393 3638 crimen
407 3574 546 3637 simoniae
560 3577 599 3636 sit
613 3577 817 3656 manifestum,
833 3581 894 3640 tarn
910 3579 1058 3643 ordinans
1074 3586 1171 3665 quam

196 3663 362 3735 ordinatus,
374 3663 896 3748 ultrasupradictaspoenas,agradu
904 3687 960 3732 suo
970 3679 999 3732 et
1007 3673 1170 3737 ecclesias·
