2552 4204
169 293 230 352 ¹120
440 301 592 346 alannum
613 297 694 347 rums
716 299 866 345 aaronica.

171 399 252 461 unde
271 399 417 480 coniuges
435 407 561 479 possunt
580 399 649 467 ase
672 399 717 458 vel
739 397 795 458 sibi
819 397 949 457 invice'm
973 391 1079 477 poleos
1094 397 1144 463 aa

172 486 297 548 reddere
316 485 463 562 debitum,
478 493 508 548 et
527 486 558 548 in
580 485 721 548 omnibus
742 485 807 546 aliis
831 485 938 546 mutuo
958 487 1147 566 conversari3

73 631 76 637 .
173 580 234 636 tres
248 581 349 636 tamen
364 593 450 636 casus
469 573 662 656 excipiuntur
678 593 685 634 :
703 575 732 635 1⁰
746 572 869 655 quando
887 579 959 634 sunt
974 591 1030 654 per
1044 573 1149 637 diver·

174 663 249 725 tium
264 663 390 743 separati
398 683 407 738 ;
423 666 457 724 2⁰
470 663 593 742 quando
606 661 882 724 excommunicatio
896 668 941 721 est
953 661 1013 722 lata
1026 667 1151 742 propter

175 749 302 812 dubium
323 749 431 812 valoris
455 750 657 824 matrimonii3
682 753 714 812 3ο
737 748 860 830 quando
882 749 957 811 aller
979 751 1150 830 coniugum

176 845 221 906 cst
235 845 356 920 propter
369 839 508 900 haeresim
521 839 814 902 excommunicatus.

217 931 251 988 3⁰
273 927 408 1002 Hanzile,
434 927 463 988 id
486 932 531 988 est
554 927 584 988 in
605 945 677 988 casu
702 925 898 1005 subjectionis
921 945 929 986 ε
951 928 1012 1006 qul
1034 921 1171 991 rationo

177 1015 403 1078 communicare
431 1023 577 1096 possunt,
605 1015 710 1081 saltem
738 1012 951 1095 probabiliter,
981 1013 1035 1076 lilii
1063 1015 1151 1080 etiae

179 1105 375 1185 emancipati-3
392 1104 464 1174 item
479 1103 531 1164 tilii
546 1102 687 1184 adoptivi,
704 1101 871 1186 imbellem
888 1113 1024 1183 nepotes,
1041 1119 1153 1186 pzone·

180 1199 276 1272 potes,
292 1199 320 1253 et
331 1191 365 1252 in
378 1192 485 1254 eodem
498 1192 593 1272 gradu
606 1191 723 1262 affines,
737 1198 771 1254 ut
784 1208 892 1266 nurus,
907 1191 1044 1272 privigna
1052 1212 1063 1266 ;
1079 1192 1154 1256 item

181 1280 257 1342 servi
280 1287 309 1342 et
334 1281 461 1357 ancillae,
478 1281 502 1340 si
526 1287 595 1342 ante
616 1278 964 1342 excommunicationem
988 1279 1102 1346 luerint
1124 1281 1154 1343 in

182 1367 300 1430 servitio
321 1370 407 1448 (cop.
432 1366 576 1444 Quoniam
594 1368 684 1430 modo
704 1367 832 1448 citato);
855 1369 927 1429 item
950 1368 1062 1431 milites
1083 1387 1155 1433 cum

182 1457 259 1518 duce
280 1458 563 1532 excommunicato,
587 1475 648 1518 non
670 1465 772 1518 autem
795 1456 911 1518 vassalli
929 1475 1002 1519 cum
1023 1475 1082 1520 suo
1102 1459 1155 1520 do·

183 1545 279 1622 mino,
296 1546 352 1608 nisi
368 1545 469 1626 quoad
482 1546 662 1608 solutionem
679 1545 860 1607 tributorum
876 1545 950 1618 tsed
961 1547 1043 1626 sape
1056 1547 1157 1628 quoad

184 1634 256 1695 istos
273 1633 353 1696 licita
372 1634 405 1695 lit
418 1635 653 1696 communicatio
667 1635 782 1696 ratione
797 1633 996 1711 necessitatis,
1013 1637 1060 1697 vel
1074 1636 1155 1698 utili·

184 1723 272 1794 tatis3
288 1721 360 1784 item
381 1723 513 1804 religiosi
526 1728 655 1804 possunt
668 1723 893 1784 communicare
908 1739 979 1784 cum
999 1723 1063 1785 suis
1078 1724 1157 1786 Prae·

185 1811 263 1885 latis,
283 1811 381 1892 quoad
400 1812 725 1886 communicationem,
746 1829 815 1891 quae
835 1810 874 1872 ab
897 1809 1107 1876 habitantibus
1126 1814 1156 1875 in

186 1899 293 1960 eadem
308 1900 419 1960 familia
430 1901 516 1962 vitari
532 1901 649 1980 nequit.

225 1991 300 2048 ltem
318 1995 469 2069 parentes,
486 1990 584 2049 mariti
602 1995 633 2050 et
651 1988 768 2052 domini
786 1997 914 2068 possunt
931 1992 1157 2055 communicare

187 2093 257 2137 cum
271 2075 350 2152 filiis,
366 2077 510 2137 uxoribus
524 2083 553 2136 ct
568 2076 687 2138 famulis
698 2077 977 2142 excommunicatis.

227 2165 294 2224 Non
310 2171 435 2244 possunt
447 2164 559 2240 autem,
575 2165 666 2227 etiam
681 2164 798 2242 famuli,
814 2181 924 2228 uxores
937 2173 991 2230 aut
1004 2167 1059 2230 lilii
1073 2187 1159 2233 com·

188 2253 345 2322 muniente
358 2252 388 2312 in
403 2253 511 2314 divinis
524 2271 595 2315 cum
606 2253 877 2329 excommunicato,
893 2254 951 2316 nisi
965 2259 997 2316 in
1011 2265 1160 2338 quantum

188 2341 424 2403 communicatio
439 2349 484 2403 est
501 2341 668 2404 necessaria
690 2342 728 2403 od
751 2344 958 2423 praestandum
979 2345 1161 2428 obsequium

189 2428 326 2492 debiturn
343 2449 350 2490 :
365 2430 437 2492 hinc
455 2429 559 2493 famuli
575 2431 651 2510 jussi
669 2430 747 2492 licite
767 2431 948 2492 comitantur
966 2433 1005 2493 ad
1023 2435 1160 2514 missam,

190 2525 242 2578 aut
265 2518 434 2580 ministrant
456 2520 619 2581 celebranti
647 2520 931 2598 excommunicato,
955 2528 1006 2582 aut
1031 2541 1104 2584 cum
1125 2544 1163 2586 eo

191 2607 323 2668 ollieium
347 2609 473 2670 recitant
490 2628 497 2668 :
514 2609 693 2689 supponitur
712 2607 794 2688 quod
815 2607 929 2670 adhoc
952 2608 1065 2672 luerint
1084 2631 1161 2675 con-

190 2695 273 2757 ducti
297 2705 365 2757 ante
383 2695 728 2759 excommunicationem
745 2714 753 2758 ι
770 2715 841 2758 nam
864 2697 887 2758 si
912 2698 1125 2763 conducantur
1146 2705 1161 2764 l

189 2785 250 2862 jam
259 2787 533 2865 excommunicato,
545 2791 808 2861 nonereusantur,
819 2785 877 2847 nisi
887 2785 1045 2848 obbonem
1056 2787 1161 2862 fidem,

191 2881 242 2935 aut
257 2875 475 2939 necessitatem.

183 2974 190 2984 ·
231 2968 263 3022 4⁰
278 2964 336 3024 Res
349 2964 486 3043 ipnorota
502 2983 510 3024 τ
525 2969 642 3026 certum
663 2971 708 3026 est
728 2963 893 3044 quamlibet
913 2963 1117 3042 ignorantiam
1134 2980 1162 3030 et

192 3049 439 3112 inadvectontiam
453 3052 681 3133 inculpabilem,
691 3051 751 3113 sive
762 3053 840 3130 juris
850 3053 911 3112 aive
926 3051 1008 3125 sacti,
1018 3071 1162 3120 excusare

193 3140 451 3202 communicantes
464 3158 535 3201 cum
551 3141 813 3202 excommunicato
831 3139 910 3220 (cap.
931 3138 1075 3214 Quoniam
1089 3145 1163 3206 mul-

189 3236 246 3310 tos,
272 3247 360 3288 causa
385 3233 433 3304 ll,
453 3248 484 3310 q.
506 3233 550 3312 3).
566 3261 606 3275 -
619 3230 855 3290 Controvertitur
875 3247 914 3289 an
930 3239 1052 3290 excuset
1077 3231 1161 3312 igno-

192 3319 288 3378 rantia
306 3317 469 3396 culpabilis
491 3325 522 3380 ct
544 3336 643 3380 crassa
666 3337 673 3379 :
699 3319 849 3378 sententia
871 3316 1025 3378 affirmans
1041 3325 1162 3383 iocatur
1239 3313 1243 3317 ’

194 3408 263 3466 satis
279 3407 439 3486 probabilis
453 3410 469 3467 a
483 3409 514 3471 S.
528 3407 650 3488 Lignor.
667 3405 729 3484 (lib.
747 3411 777 3482 7,
794 3415 827 3467 n⁰
841 3410 921 3484 205).
998 3418 1000 3424 ’

233 3501 265 3556 5·
280 3497 416 3557 Necesse:
429 3496 458 3557 tu
472 3502 517 3558 cst
529 3514 617 3558 casus
631 3494 826 3571 necessitatis,
837 3497 899 3557 sive
913 3495 1087 3577 spiritualis,
1102 3500 1161 3561 sive

195 3586 376 3664 corporatis,
392 3591 444 3647 aut
463 3586 612 3647 bonorum
630 3584 854 3664 temporalium.
877 3585 935 3646 Sed
954 3586 1118 3665 requiritur
1131 3595 1160 3649 ut

165 3709 169 3716 ·
195 3671 260 3738 hac
274 3675 443 3750 {lacessitas
456 3677 517 3735 tam
530 3673 702 3756 temporalis
711 3675 803 3753 quam
816 3673 989 3753 spiritualis,
1003 3675 1039 3734 sit
1052 3675 1160 3754 gravis,

196 3761 257 3826 sire
268 3767 305 3826 sit
316 3765 581 3840 communicantis,
594 3763 656 3824 sive
667 3763 934 3840 excommunicati,
945 3765 1007 3824 sive
1019 3765 1150 3826 aliorum
