2552 4204
182 317 244 375 'llil
459 317 610 364 accusare
632 315 713 359 rurus
729 310 883 357 aurunci.

188 451 209 486 r
227 447 263 488 ex
280 420 445 485 homicidio
464 415 653 489 uoluntario,
678 419 708 473 et
727 409 860 490 exceptis
882 405 947 467 aliis
969 400 1109 462 deductis
1131 397 1169 459 ad

192 537 210 572 <c
227 513 327 574 forum
341 507 583 578 contentiosum,
598 502 793 582 dispensare3
817 504 848 558 et
868 496 898 555 in
920 490 1169 572 quibuscumque

189 628 207 660 (ι
228 601 346 664 casibus
379 595 526 666 occultis,
562 592 653 652 etiam
681 589 749 651 Sedi
781 584 960 668 Apostolicaa
987 577 1169 652 reservatis,

191 715 208 749 u
229 689 490 768 delinquentes...
506 681 562 742 sibi
577 679 713 741 subditos
726 681 757 739 in
770 674 890 737 dioeoesi
905 673 960 734 sut
971 687 1026 748 per
1039 667 1169 746 seipsos,

191 807 208 836 o
230 787 280 840 aut
303 775 457 838 vicarium
482 771 519 833 ad
544 769 575 830 id
600 767 767 847 specialiter
792 760 1022 844 deputandum,
1050 753 1171 816 infore

193 892 211 926 o
232 866 425 930 conscientia
462 861 554 941 gratis
592 857 775 932 amouere,
813 851 951 932 imposita
990 844 1171 928 poenitcntitt

197 956 365 1018 «salutari.
389 953 473 1014 Idem
496 950 575 1011 etin
602 945 723 1007 haeresis
745 943 894 1018 crimine,
918 939 948 1000 iu
970 935 1082 998 ecdem
1105 932 1171 994 foro

193 1071 212 1103 -«
232 1043 444 1117 couscientia,
464 1041 507 1102 eis
520 1037 637 1099 tantum
654 1083 661 1112 ,
680 1053 741 1095 non
757 1049 864 1094 eorum
875 1027 1024 1102 Vicariis,
1045 1024 1085 1085 sit
1099 1041 1171 1104 per-

199 1160 212 1193 r
234 1136 401 1194 missurn.»

234 1224 409 1303 Disputatur
423 1225 522 1281 autern
537 1234 576 1279 an
591 1219 734 1298 praedicta
756 1211 881 1274 facultas
900 1209 917 1270 a
935 1205 1074 1268 Trident.
1098 1223 1172 1267 eon-
1271 1220 1272 1223 ¹

192 1330 299 1383 cessa,
323 1309 412 1371 fuerit
432 1315 568 1369 revocata
586 1323 639 1386 per
656 1302 774 1365 Bullam
799 1300 897 1365 t'oenoe
917 1294 1018 1377 quoad
1038 1311 1129 1357 casus
1141 1295 1173 1355 in

193 1403 233 1462 et
247 1405 426 1472 reservatos,
443 1397 519 1456 inter
533 1413 611 1476 quos
627 1391 757 1455 maxime
780 1397 824 1452 est
848 1385 968 1448 haeresis
990 1403 998 1444 ε
1023 1384 1174 1446 sententia
1271 1456 1272 1461 γ

194 1487 352 1550 affirmans
376 1484 514 1546 habenda
540 1491 586 1544 cst
608 1488 643 1551 ut
665 1479 762 1543 verior
785 1485 815 1540 et
837 1483 881 1539 est
907 1473 1062 1544 tenenda,
1090 1472 1174 1551 juxta

200 1576 311 1638 Bened.
328 1578 394 1637 XlV
410 1573 465 1656 (Dc
480 1573 571 1653 Syn„
589 1573 639 1633 lib.
653 1575 691 1648 9,
706 1588 772 1650 cap.
786 1573 805 1628 l
818 1575 847 1628 et
860 1565 904 1646 5).
922 1563 1045 1626 Constat
1057 1580 1096 1624 ex
1108 1581 1175 1622 vcr-
1271 1562 1272 1567 ’

197 1665 244 1728 bis
269 1665 362 1727 Bullae
382 1665 495 1734 Coenoe,
517 1662 567 1723 ubi
592 1661 720 1723 dicitur:
741 1656 876 1718 «Nullus
894 1671 948 1734 per
966 1651 1060 1713 aliurn
1082 1652 1174 1731 quam

203 1779 219 1812 u
239 1774 293 1836 per
308 1755 481 1816 Romanurn
496 1749 689 1824 Pontificem,
710 1747 768 1808 nisi
787 1749 818 1806 in
838 1741 943 1804 mortis
956 1739 1103 1814 articulo,
1119 1739 1174 1801 ab·

200 1866 219 1901 a
240 1843 313 1906 solvi
336 1845 447 1924 possit,
468 1847 614 1924 praetextu
636 1835 810 1920 quarumvis
829 1832 1005 1894 facultatum
1022 1835 1052 1890 et
1071 1827 1174 1892 indul-

205 1940 359 2003 «torum,
382 1931 626 2011 quibuscumque
650 1925 808 2008 personis,
830 1923 919 1984 etiarn
941 1917 1114 2000 Episcopali
1131 1918 1174 1980 vel

206 2045 220 2077 a
241 2020 346 2099 majori
361 2019 511 2098 Dignitate
533 2017 718 2098 praeditis...‚
733 2031 787 2094 per
801 2014 861 2073 Nos
876 2015 905 2071 et
920 2008 1030 2069 dictam
1046 2006 1173 2081 Sedent,

203 2133 221 2165 u
242 2127 276 2170 ac
290 2109 422 2186 cujusvis
442 2107 575 2180 Concilit'
594 2104 689 2186 (quod
705 2102 787 2184 uota)
806 2100 924 2162 decreta
939 2113 1174 2174 concessorum,

203 2219 222 2254 -u
243 2197 287 2258 vel
301 2195 577 2258 concedendorum.
598 2216 612 2252 u
631 2195 711 2272 Ergo
725 2209 779 2272 per
792 2189 902 2250 dictam
918 2185 1036 2247 Bullam
1049 2183 1176 2267 deroga-

205 2295 268 2347 tum
282 2285 336 2348 fuit
351 2285 483 2348 Concilio
501 2282 687 2346 Tridentino.
706 2279 793 2343 Unde
806 2277 946 2339 damnata
961 2273 1015 2336 fuit
1030 2275 1175 2355 proposit.

201 2379 239 2447 3,
254 2377 292 2435 ab
309 2373 479 2436 Alexandro
494 2375 563 2446 Vll,
586 2377 624 2434 24
639 2375 714 2451 sept.
735 2371 831 2442 rena,
853 2367 897 2427 sic
912 2363 1027 2424 habens
1044 2381 1052 2423 ε
1072 2384 1091 2422 u
1104 2365 1177 2426 Sen-

210 2487 224 2524 o
244 2464 335 2525 tentia
357 2481 493 2526 asserens
519 2462 635 2524 Bullam
658 2459 756 2522 Coenoe
770 2456 869 2517 solinu
885 2451 1044 2534 prohibere
1057 2451 1177 2514 absolu-

205 2576 225 2612 o
244 2555 358 2614 tionem
377 2553 500 2615 haeresis
522 2559 550 2613 et
575 2551 702 2612 aliorum
724 2545 907 2620 criminum,
922 2540 1045 2622 quando
1060 2541 1177 2620 publica

207 2665 226 2700 u
248 2649 333 2716 sunt,
350 2649 379 2702 et
398 2641 429 2703 id
451 2659 514 2702 non
529 2640 674 2719 derogare
690 2633 821 2700 facultati
833 2629 1001 2694 Tridentini
1019 2629 1052 2690 in
1065 2633 1130 2711 qut
1143 2629 1177 2690 dc

206 2751 227 2788 c
247 2729 371 2790 occultis
388 2728 567 2790 criminibus
584 2743 685 2788 sermo
706 2736 767 2793 est,
801 2738 882 2782 anno
920 2721 995 2788 629,
1026 2721 1063 2780 l8
1093 2719 1175 2794 julii.

200 2834 221 2872 -o
241 2812 273 2872 in
298 2814 482 2872 consistorio
506 2813 604 2870 Sacrae
619 2809 768 2888 Congreg.
791 2805 944 2864 Eminent.
966 2798 1172 2864 cardinalium

199 2922 221 2962 ‹
241 2900 302 2962 visa
315 2903 345 2959 et
354 2899 563 2960 tolerataest.»
575 2898 634 2959 Sed
644 2915 737 2970 nunc,
746 2895 854 2976 postfl.
871 2895 974 2968 apost.
987 2888 1087 2965 Sedis,
1096 2889 1172 2950 Con-

201 2989 260 3050 cilil
290 2987 374 3049 Trid.
405 2986 562 3066 dispositio
588 2995 725 3046 revocata
745 2984 797 3047 fuit
817 2982 919 3044 solinu
935 2977 1037 3061 quoad
1049 2993 1171 3039 excom·

198 3075 421 3138 manicationes
441 3074 563 3154 speciali
592 3074 716 3136 nrodoa
745 3073 825 3135 dicta
843 3071 968 3132 Constit.
995 3071 1169 3129 reservatas.

125 3219 129 3226 .
239 3163 403 3225 Dubitetur'
422 3169 523 3223 utrum
545 3162 660 3224 crimen
682 3163 714 3222 in
729 3180 791 3224 uno
810 3161 876 3222 loco
899 3158 1057 3238 publicum
1080 3155 1171 3237 possit

196 3251 310 3316 absolvi
322 3250 360 3311 ab
374 3250 524 3331 Episcopo
538 3251 659 3312 alterius
676 3251 731 3312 loci
747 3250 798 3312 ubi
812 3256 856 3312 est
870 3248 1026 3310 occultum
1042 3265 1050 3307 ε
1066 3244 1170 3326 proba·

198 3338 481 3425 biliteraffirmatur,
492 3339 659 3401 duuunodo
671 3339 753 3401 locus
765 3339 815 3400 ubi
829 3338 945 3401 crimen
955 3345 999 3397 est
1012 3340 1121 3396 notum
1133 3333 1169 3394 ita

198 3429 296 3514 distet,
311 3435 345 3492 ut
360 3447 420 3490 non
435 3431 473 3490 sit
487 3429 577 3489 timor
598 3428 680 3509 quod
694 3429 864 3509 publicetur
879 3427 929 3489 ubi
945 3420 1167 3488 est'occultum.

197 3513 208 3539 ⁸
236 3519 367 3579 Nomine
387 3523 489 3578 autent
507 3517 735 3598 Episcoporuur,
757 3518 868 3598 quibus
887 3514 1079 3596 privilegium
1094 3529 1169 3574 con-

195 3625 317 3669 cessum
340 3612 383 3668 est
408 3607 424 3667 a
445 3605 638 3680 Tridentino,
658 3610 782 3671 veniunt
807 3607 897 3667 etiarn
922 3603 1053 3664 abbates
1068 3606 1100 3663 et
1117 3599 1167 3662 alii

194 3695 436 3841 jupisdictrouem
456 3696 665 3776 Episcopalom
687 3698 851 3774 habentes3
879 3695 952 3756 item
976 3690 1164 3772 Capitulum,

198 3799 229 3842 se
251 3791 413 3844 cracante.
