2552 4204
177 305 237 362 736
452 314 604 358 annuerim
625 314 708 359 runis
728 313 879 358 canumet.

177 409 371 472 materialiter
391 407 568 480 haereticus,
584 423 641 466 nec
656 405 782 467 incurrit
796 426 902 486 peenas
915 413 1020 472 contra
1037 410 1158 473 narreti-

178 515 231 560 cos
245 497 330 560 latas.
356 499 420 558 Nec
434 495 506 556 item
524 492 692 556 formaliter
706 493 838 556 haeretici
861 503 933 559 sunt
949 497 1084 558 haltenui
1109 501 1160 581 qui

179 603 216 648 ex
230 584 416 667 ignorantia,
430 583 520 644 etiam
531 581 630 642 orasset
639 589 692 642 out
701 584 822 663 raptat,
838 585 979 646 nesciunt
989 587 1160 649 Ecclesiam

179 675 264 735 aliter
278 675 404 746 sentire;
420 673 483 732 imo
494 673 578 749 Juxta
593 671 764 731 Patuzzium
781 670 880 750 (Cura.
896 673 1020 754 compl,
1036 683 1114 736 tom,
1130 680 1159 746 a,

179 762 237 824 col.
253 762 337 848 6l8),
355 779 412 821 nec
426 759 515 820 etiam
530 757 660 820 haeretici
677 758 819 820 formales
835 769 906 822 sunt
917 781 1053 842 quorum
1071 763 1161 844 igno·
1256 761 1257 764 ’

179 851 364 912 rantiaesset·
371 849 506 910 affectata
517 865 552 908 ex
564 846 629 908 solo
641 845 816 908 addiscendi
831 848 936 920 taedi03
953 869 1042 913 secas
1057 859 1159 912 tamen

179 939 204 999 si
218 957 255 1000 ex
270 945 446 1018 contemptu
461 935 620 1006 Ecclesiae,
636 942 724 1014 prout
745 941 824 997 esset
838 938 861 998 si
878 939 947 1017 quis
963 957 1025 999 non
1042 947 1162 1003 curaret

178 1026 257 1088 scire
271 1025 344 1106 quid
369 1024 503 1087 Ecclesia
521 1023 629 1085 sentiat
652 1023 766 1084 desua
789 1025 944 1104 opinione.
975 1028 1007 1088 S.
1034 1027 1159 1107 Liguor.
1257 1051 1258 1066 t

178 1119 280 1176 tamen
294 1113 359 1193 (lib.
373 1119 405 1188 7,
419 1124 453 1173 n⁰
462 1111 534 1192 301)
548 1111 781 1191 probabiliorem
790 1111 880 1174 habet
892 1115 1076 1176 sententiam
1092 1135 1160 1197 quae

178 1208 259 1264 tenet
280 1203 371 1263 etiam
385 1207 458 1263 tunc
472 1217 534 1260 non
556 1200 669 1261 incurri
689 1201 1040 1264 excommunicationem
1056 1213 1161 1266 contra

179 1289 337 1351 haereticos
352 1290 454 1359 latam,
472 1288 544 1369 quia
560 1287 704 1350 Ecclesia
720 1306 782 1349 non
797 1290 976 1352 contradicit
996 1292 1052 1371 qui
1068 1294 1162 1355 nescit
1258 1343 1259 1358 t

179 1395 212 1527 {e
226 1377 371 1526 Epclesiae
391 1377 620 1452 contradicere,
643 1376 684 1440 ob
706 1395 934 1459 quamcumque
956 1379 1160 1460 ignorantiam

200 1473 364 1616 ogigicttfllgo
389 1555 426 1616 In
447 1572 479 1615 eo
499 1553 553 1634 qai
572 1553 736 1633 profitetur
755 1553 929 1633 relr'pioaem
944 1552 1162 1626 christianum·

182 1642 318 1724 alioquin
333 1649 412 1704 esset
434 1641 584 1702 infidelis:
601 1641 664 1702 imo
678 1648 712 1702 ut
725 1641 884 1703 hereticus
899 1659 1005 1722 poenas
1018 1645 1164 1706 Ecclesia
1259 1685 1260 1706 2

181 1729 335 1806 incurrat,
352 1729 518 1810 baptizatus
532 1747 598 1792 esse
611 1729 711 1791 debet.

220 1823 292 1882 867.
315 1822 351 1882 ll.
378 1819 507 1882 Haeresis
522 1819 580 1880 alia
594 1826 640 1880 est
654 1820 729 1898 pure
750 1817 908 1892 mentalis,
930 1839 1000 1901 quac
1013 1838 1046 1882 m
1061 1827 1166 1885 mente

178 1909 355 1970 continetur
377 1909 523 1989 nulloque
546 1914 614 1970 actu
636 1915 761 1968 externo
775 1906 940 1986 proditur3
966 1909 1025 1970 alia
1047 1916 1094 1971 est
1108 1929 1160 1972 ex·

180 2002 265 2059 terna
278 2045 286 2070 ,
298 2015 367 2076 quae
381 1997 484 2077 aliquo
498 2001 564 2057 actu
579 2003 705 2057 externo
720 1995 874 2056 moraliter
888 1996 968 2057 malo
984 1996 1159 2060 manifesta-

181 2090 251 2160 tur;
268 2083 380 2146 dicitur
394 2083 550 2144 moraliter
568 2083 667 2146 molo:
685 2083 768 2146 unde
784 2101 889 2164 peenas
900 2091 1007 2146 contra
1021 2083 1160 2146 haeresim

180 2171 256 2234 latas
271 2191 333 2233 non
348 2172 474 2234 incurrit
487 2172 539 2252 qui
554 2189 642 2233 suam
659 2172 798 2234 ltaeresim
813 2171 984 2233 manifestat
1002 2172 1041 2234 ad
1056 2181 1158 2254 peten-

181 2260 256 2322 dum
270 2261 450 2336 consilium;
465 2261 574 2322 suflicit
586 2266 690 2321 tamen
713 2260 751 2321 ad
766 2260 819 2321 has
833 2278 938 2340 poenas
958 2261 1157 2322 incurrendas

181 2354 216 2411 ut
229 2349 430 2410 manifestatio
452 2351 562 2412 erroris
586 2350 623 2409 sit
638 2353 777 2422 externa,
797 2349 851 2409 etsi
876 2348 1005 2411 occulta.
1029 2350 1165 2411 Externa

181 2444 283 2500 autem
298 2444 475 2520 potestesse
490 2438 537 2500 vel
551 2437 681 2512 occulto,
697 2455 766 2516 quae
781 2436 902 2516 penitus
916 2439 1076 2514 ignoratur
1089 2484 1098 2515 ,
1113 2437 1159 2500 vel

182 2527 275 2587 atam
297 2528 401 2608 paucis
420 2528 616 2607 cognoscitur
634 2533 668 2587 ut
682 2525 775 2605 possit
796 2526 898 2604 aliqua
911 2525 1165 2606 tergiversatione

181 2615 290 2688 celari3
310 2617 355 2677 vel
377 2617 552 2697 manifesto,
579 2634 647 2697 quae
668 2616 686 2675 a
710 2614 848 2695 plurimis
863 2617 1077 2694 cognoscitur,
1106 2633 1164 2678 nec

181 2704 315 2784 amplius
329 2711 427 2784 potest
441 2705 531 2766 celari
544 2723 551 2764 ε
566 2704 604 2765 tle
619 2703 675 2765 hac
689 2703 732 2765 sic
745 2701 834 2763 hahet
845 2721 912 2782 cap.
930 2701 1032 2784 Super
1044 2703 1163 2784 quibua·

181 2790 250 2852 dom
267 2796 323 2868 26,
337 2792 458 2855 devere.
474 2791 604 2874 sipor'fi:
625 2795 713 2853 «Tua
727 2790 847 2851 devotio
864 2789 1026 2869 postulavit
1037 2793 1055 2850 tt
1068 2785 1163 2852 No'bis

186 2903 203 2949 s
223 2881 276 2963 qui
290 2890 361 2944 sunt
370 2881 490 2943 dicendi
505 2881 637 2944 haeretici
650 2877 822 2959 maar'seati:
839 2895 1003 2959 superque
1015 2878 1068 2938 tibi
1081 2878 1165 2940 duxi·

187 2991 203 3030 o
223 2988 292 3032 mus
306 2969 555 3051 respondendum
577 2969 644 3029 illos
664 2986 729 3029 esse
750 2965 965 3045 intelligendos
984 2966 1164 3028 manifestos

186 3079 203 3118 e
222 3058 395 3134 haereticos,
411 3060 464 3138 qui
478 3063 583 3118 contra
599 3055 690 3116 fidem
700 3054 821 3136 publice
831 3054 1016 3136 pradicant,
1027 3062 1080 3116 aut
1095 3071 1160 3135 pro

187 3167 202 3205 e
223 3149 347 3208 fitentur
373 3163 428 3207 seu
448 3143 614 3206 defendunt
631 3161 737 3206 eorum
752 3160 905 3217 errorem,
920 3142 968 3204 vel
988 3142 1043 3222 qui
1059 3158 1163 3204 coram

187 3255 204 3293 o
224 3234 357 3296 Praeletis
372 3233 435 3297 suis
449 3234 579 3296 convicti
594 3239 683 3309 sunt,
696 3232 743 3295 vel
756 3230 903 3308 confessi,
918 3229 966 3292 vel
980 3231 1019 3315 ab
1033 3229 1079 3291 cis
1093 3247 1161 3292 sen·

187 3345 202 3381 o
222 3323 384 3384 tentialiter
398 3321 592 3384 condemnati
607 3319 847 3402 superhaereticl
862 3319 1045 3399 pravitate.»
1063 3318 1159 3379 Mani-

183 3411 257 3473 festa
271 3411 344 3473 vertl
366 3427 431 3471 esse
454 3415 551 3490 potest
576 3410 697 3471 haeresis
721 3410 767 3469 vel
791 3407 970 3469 notorietate
987 3407 1094 3486 juro,
1118 3405 1162 3468 uel

184 3499 363 3561 notorietate
376 3498 466 3579 sacti.

224 3589 353 3668 Insuper
366 3587 446 3649 circa
460 3584 597 3647 haeresim
613 3583 841 3663 distinguuntur
854 3580 1016 3652 credentes,
1032 3579 1162 3659 relapsi,

185 3677 310 3759 suspecti
322 3675 359 3738 de
371 3673 479 3738 teresi
491 3681 520 3734 et
532 3670 708 3754 complices:
723 3687 777 3750 per
790 3666 938 3730 medentes
951 3667 1161 3748 intelliguntur

185 3770 346 3825 sectatores
367 3759 651 3830 haeresiarcharum
676 3774 730 3838 per
744 3757 874 3836 relapsos
887 3756 906 3816 ii
923 3755 1158 3834 qui,postuuam
