2590 4208
182 245 219 306 lt
452 256 608 304 secururs
627 257 709 304 rurus
729 256 875 329 omourer.

180 370 228 434 nis
240 387 295 452 per
307 369 426 432 litteras
440 369 665 434 obedientiales
679 387 697 431 a
709 370 915 452 superiorissa
925 367 1067 450 generali
1080 384 1138 432 coo

180 476 292 522 cessas.
308 457 353 519 lta
365 458 416 520 lex
432 460 469 520 lb
483 459 583 521 Martii
597 460 685 534 1850,
703 465 761 522 art.
778 457 826 522 to.
843 457 913 541 (Des
930 455 1161 521 Comoeuooote't

179 549 197 610 d
211 565 298 610 ecoe
311 545 443 628 simplos,
455 559 491 608 n⁰
505 545 590 628 ild.)

585 777 671 841 ΛΒΤ.
695 777 746 843 tv.

391 923 430 972 eu
449 923 665 970 neurorosonuu
686 923 940 973 osorourronmus.

632 1137 695 1213 st.

319 1277 363 1342 De
386 1277 614 1359 obligationibus
634 1285 762 1339 votorum
789 1279 1007 1358 relipr'osorom.

574 1495 721 1548 eunetuu
738 1496 758 1546 l.

394 1617 425 1656 ue
443 1616 641 1656 onerorrrorueus
657 1617 690 1654 ex
706 1615 766 1655 roro
783 1615 929 1656 olsrrrtns.

216 1728 285 1790 979.
314 1721 502 1805 Huiusmodi
517 1730 591 1784 voto
609 1721 758 1800 religiosi,
775 1740 840 1785 non
863 1722 966 1786 solum
983 1729 1149 1790 matrimo-

176 1814 242 1887 nio,
258 1813 310 1876 sed
325 1819 356 1874 et
369 1811 457 1875 omni
478 1827 617 1874 venerere
633 1809 833 1874 delectationi
847 1813 1052 1888 renuntiant,
1069 1818 1150 1880 adeo

176 1912 211 1968 ut
226 1903 354 1965 illorum
369 1909 477 1964 contra
496 1900 669 1962 castitatem
687 1907 849 1980 peccatum
871 1901 1028 1982 triplicem
1042 1907 1147 1967 conti·

176 2000 250 2056 neat
265 1991 418 2054 malitiam
432 2009 441 2066 ;
468 1987 673 2070 impudicitiae
693 1989 822 2069 quidem
837 1999 946 2052 contra
962 1993 1133 2072 puritatem

176 2079 368 2149 infidelitatis
382 2079 424 2140 ob
439 2077 642 2140 violationem
658 2077 876 2158 promissionis
900 2079 963 2142 Deo
979 2079 1081 2159 taeta,
1098 2102 1148 2144 sa-

175 2169 292 2247 crilegii
307 2167 350 2230 ob
365 2167 619 2249 profanationem
639 2184 782 2247 persono
804 2167 867 2231 Deo
891 2177 1045 2246 saeratae,
1069 2178 1100 2233 et
1116 2171 1147 2233 id

174 2268 220 2322 est
234 2267 354 2319 certum
369 2254 498 2336 quando
510 2265 619 2318 votum
636 2262 682 2318 est
697 2255 850 2333 solemne,
862 2257 1062 2340 probabilius
1074 2279 1149 2324 vero

173 2348 202 2410 si·
214 2355 325 2410 uotum
340 2347 379 2408 sit
393 2343 526 2426 simplex
537 2343 582 2426 (S.
599 2345 727 2424 Liguor.
744 2344 799 2408 lib.
816 2349 847 2419 3,
864 2357 900 2408 n⁰
914 2347 978 2430 tt).

213 2435 348 2500 violatio
367 2435 499 2517 hujusce
520 2435 582 2496 voti
598 2443 644 2496 est
658 2452 753 2514 grave
768 2443 953 2515 peecatum,
970 2445 1002 2499 et
1023 2439 1145 2503 solorn-

130 2561 133 2565 ·
173 2525 269 2589 modo
283 2524 404 2587 delectu
425 2523 626 2586 advertentiae
647 2531 702 2586 aut
723 2523 808 2605 pleni
830 2543 1003 2589 consensus
1018 2530 1145 2594 veniale

172 2615 315 2691 efficitur,
331 2632 395 2677 non
410 2622 515 2676 autern
527 2613 568 2678 ob
581 2613 737 2676 levitatem
753 2614 902 2677 materiae.

558 2784 706 2837 PUNGTUM
724 2786 755 2836 ll.

385 2911 416 2949 oe
431 2907 628 2949 onerorrroureos
644 2909 674 2947 nr
692 2908 845 2949 occursuris
861 2909 930 2951 roro

209 3024 277 3082 980.
307 3040 322 3078 a
350 3017 462 3094 Magna
486 3016 613 3096 quidem
642 3023 834 3096 paupertas,
865 3016 971 3097 inquit
1006 3017 1146 3083 loannes

170 3134 182 3166 s
208 3107 301 3170 xxti.
320 3106 419 3187 (Extr.
439 3103 654 3178 Quorumdam,
667 3104 710 3165 De
725 3103 803 3167 verb.
819 3105 954 3187 siquis),
971 3107 1024 3168 sed
1043 3112 1147 3192 major

169 3223 182 3256 u
209 3197 383 3274 integritas,
401 3193 504 3254 donum
519 3203 563 3255 est
575 3191 742 3255 odedientia
756 3195 929 3268 marimum,
941 3195 966 3256 si
982 3199 1145 3263 custodia·

169 3310 181 3343 n
207 3293 259 3348 tur
278 3284 377 3346 illaesa
398 3300 406 3344 :
424 3299 498 3344 nam
513 3283 616 3364 prima
639 3281 751 3357 rebus,
775 3283 913 3346 secunda
927 3286 1013 3348 carni
1028 3334 1036 3361 ,
1054 3291 1144 3353 tertia

169 3399 182 3433 n
209 3390 282 3435 vero
298 3372 394 3433 menti
421 3370 644 3433 dominaturet
665 3373 771 3433 animo
799 3396 826 3433 s.
853 3371 942 3434 Unde
954 3374 1145 3444 obedientie

170 3462 322 3547 professio
350 3469 395 3522 est
416 3461 506 3540 quasi
536 3463 630 3523 totius
652 3463 701 3522 sui
728 3461 927 3538 immolatio,
953 3479 989 3524 ac
1008 3468 1145 3546 proinde

169 3569 277 3617 verum
294 3551 528 3614 holocaustum.

210 3642 267 3704 Per
281 3639 468 3703 obedientiae
483 3647 591 3700 votum
607 3636 813 3718 adstringitur
828 3637 993 3718 religiosus
1013 3641 1054 3704 ad
1069 3638 1139 3709 om-

170 3731 266 3796 nibus
287 3725 572 3807 obtemperandum
595 3745 667 3808 quae
688 3725 747 3788 sibi
769 3727 911 3808 praecipit
932 3731 1076 3810 superior
1091 3753 1140 3798 se·
