2590 4208
501 223 584 270 bruun
605 225 721 270 'turnus
810 267 813 274 Δ
1070 214 1107 268 ll

172 337 208 400 ln
233 333 453 406 secundorum,
476 330 592 393 solutio
617 331 706 394 dubii
728 333 844 414 pendet
868 352 884 395 a
906 339 1019 395 natura
1046 334 1110 396 voti
1198 331 1201 338 '

133 424 239 486 emissi
257 443 264 485 :
281 422 363 484 circa
379 418 464 500 quod
482 421 659 486 necessario
672 421 874 485 consulendae
895 430 968 484 sunt
989 422 1110 504 proprii

135 511 274 575 [nstituti
288 509 550 585 constitutiones3
566 511 676 591 quaesi
692 510 784 584 nihil,
798 512 904 590 quoad
920 511 992 584 boc,
1008 511 1109 573 conti-

134 609 253 676 neant,
268 617 342 662 cum
365 597 470 658 taliter
485 596 645 678 professus
659 607 759 662 servet
780 598 940 661 ordinarie
955 599 1109 661 directum

136 707 271 752 suorum
287 687 446 749 bonorum
461 684 651 762 dominium,
669 693 791 750 tenetur
805 686 926 760 Romae,
943 686 1030 766 juxta
1045 686 1108 747 nb.

135 776 257 850 Lucidi,
275 775 361 856 quod
378 773 498 846 valide,
516 775 581 837 imo
600 783 631 838 et
655 775 760 849 licite,
776 775 943 853 religiosus
958 775 1056 856 possit
1071 773 1111 836 de

135 868 201 930 suis
213 865 306 928 bonis
320 863 510 945 disponere:
527 864 613 946 quod
629 865 697 927 ficri
712 866 849 928 maxime
862 872 963 944 potest
976 881 1032 943 per
1046 871 1109 924 tes·

135 962 324 1028 lamentum,
340 962 374 1015 ut
389 951 495 1015 videre
509 961 555 1015 est
568 954 704 1036 inopere
716 954 1016 1025 DrsCommuaoute's,
1035 961 1108 1022 etc,

134 1055 171 1106 11⁰
188 1043 259 1105 524.

174 1131 244 1194 986.
270 1130 396 1204 Quaerit.
423 1130 456 1191 5⁰
478 1131 525 1192 An
548 1139 578 1192 et
597 1140 756 1212 quatenus
775 1130 929 1209 religiosis
953 1129 1046 1191 liceat
1069 1127 1109 1190 de

135 1221 228 1284 bonis
245 1219 483 1300 temporalibus,
501 1229 565 1282 tam
581 1220 645 1282 suis
660 1238 756 1301 quam
771 1219 1019 1295 communitatis,
1045 1217 1106 1280 dis·

135 1307 282 1388 ponere‘l
831 1357 850 1388 ,

174 1396 268 1476 Resp.
292 1396 324 1456 l⁰
338 1393 400 1457 Nec
423 1394 462 1456 de
476 1395 713 1459 communitatis
731 1395 843 1459 neoda
858 1395 996 1474 propriis
1014 1395 1108 1458 bouis

133 1485 303 1565 disponere
315 1492 448 1566 possunt
467 1484 620 1564 religiosi,
638 1484 757 1565 absque
771 1485 896 1547 licentia
912 1504 928 1546 a
944 1484 1108 1564 superiore

133 1574 226 1648 data;
241 1574 307 1634 etsi
324 1572 354 1633 id
370 1572 494 1648 iaciant,
511 1582 620 1634 contra
632 1575 826 1654 paupertatis
839 1584 946 1636 votum
963 1580 1105 1653 peccan13

132 1664 199 1726 imo
213 1671 322 1724 contra
335 1662 503 1742 justitiam,
518 1661 648 1743 quaudo
662 1681 771 1724 eorum
787 1679 851 1726 non
863 1662 981 1723 babent
995 1661 1107 1722 saltem

131 1751 313 1814 dominium
329 1751 495 1814 directum.

172 1843 206 1902 9⁰
233 1837 266 1900 Si
277 1846 383 1900 autem
398 1840 569 1920 superioris
584 1839 743 1904 licentiam
756 1837 986 1901 rationabiliter
999 1836 1106 1899 datam

130 1928 265 2004 habent,
294 1915 429 1990 minima‘
451 1935 583 2009 peccant
598 1947 607 1992 a
623 1931 742 2010 quippe
756 1929 787 1990 in
801 1946 893 2002 casu,
920 1936 1025 1988 aetum
1042 1944 1105 1989 nou

130 2026 278 2080 exercent
293 2017 504 2098 proprietatis
516 2018 611 2082 Porro
623 2018 735 2080 sufficit
750 2017 834 2098 quod
847 2017 915 2079 baec
929 2016 1053 2079 licentia
1066 2018 1106 2077 sit

131 2105 332 2168 solummodo
346 2106 450 2180 tacita,
468 2115 523 2168 aut
541 2108 634 2169 etiam
661 2115 868 2188 praesumpta,
896 2105 992 2168 modo
1014 2106 1054 2167 sit
1066 2104 1106 2167 da

129 2196 281 2276 praesenti.
299 2193 548 2258 controvertitur
565 2207 672 2259 utrum
688 2196 843 2260 sufficeret
859 2204 1050 2278 praesumpta
1063 2196 1105 2258 de

129 2285 234 2364 futuro
251 2304 257 2344 :
281 2284 469 2346 sententiam
486 2284 694 2349 affirmantem
711 2285 958 2368 probabiliorem
979 2293 1102 2367 reputat

131 2370 162 2434 S.
180 2373 346 2451 Liguorius
356 2371 426 2452 (lib,
443 2377 474 2446 l,
491 2386 526 2434 n⁰
542 2374 604 2457 18),
622 2375 696 2456 quia
713 2386 799 2452 tunc,
817 2393 880 2437 non
899 2393 957 2436 suo
974 2376 1102 2435 nomine

130 2461 221 2542 quasi
240 2461 406 2534 dominus,
428 2462 482 2524 sed
505 2465 633 2527 nomine
653 2472 830 2527 conventus
851 2463 911 2524 sub
932 2463 1105 2543 superioris

129 2549 352 2633 dependentia,
370 2550 433 2630 agit
445 2551 620 2632 religiosus.
636 2551 696 2616 Sed
711 2550 938 2614 advertendum
953 2549 1039 2630 quod
1054 2557 1102 2610 ta·

132 2639 172 2702 lis
186 2639 313 2701 lieentia
327 2657 392 2702 uon
406 2642 446 2702 sit
458 2639 550 2703 facile
565 2640 795 2722 praesumenda.

171 2726 280 2804 Quoad
299 2728 509 2808 quantitatem
531 2730 715 2812 requisitam
731 2737 765 2792 ut
782 2736 946 2810 peccatum
967 2728 1104 2807 religiosi

130 2816 278 2880 debonis
293 2817 520 2898 temporalibus
534 2820 602 2882 sine
617 2819 742 2882 licentia
757 2817 963 2899 disponentis,
980 2817 1019 2877 sit
1034 2835 1101 2894 gra-

130 2907 177 2970 vis
190 2906 302 2987 culpa,
319 2905 410 2968 valde
424 2907 618 2990 disceptatur
633 2908 714 2970 inter
735 2907 797 2970 DD.
828 2937 865 2952 -·
887 2905 1103 2967 Communiter

130 3004 237 3058 tamen
257 2994 392 3056 babetur
414 2995 501 3077 quod
517 2998 698 3079 requiratur
718 2997 829 3060 eadem
848 2993 957 3056 saltam
974 2993 1103 3054 materia

131 3102 202 3165 quae
228 3100 286 3164 pro
314 3082 417 3161 iurto;
444 3103 539 3166 porro
565 3104 704 3161 aureus,
734 3105 788 3149 seu
814 3085 937 3148 circiter
964 3081 1106 3162 quinquo

130 3173 231 3235 lranci
260 3174 467 3253 requiruntur
489 3193 506 3235 a
529 3173 560 3237 S.
589 3175 755 3254 Liguorio,
774 3174 903 3257 quando
927 3171 1047 3234 lurtum
1072 3171 1104 3232 iu

130 3263 414 3326 communitatem.
438 3281 497 3324 ncc
521 3262 652 3326 divitem
675 3265 803 3346 praecise
827 3281 884 3324 nec
910 3277 1103 3342 pauperem.

130 3349 349 3413 committitur.
369 3351 408 3412 At
419 3352 506 3431 quia,
523 3359 665 3432 tempore
678 3356 778 3414 sancti
794 3351 945 3422 Ductoris,
963 3350 1106 3431 quinque

131 3438 230 3502 franci
244 3438 478 3518 oequivalebant
491 3448 574 3503 certe
586 3441 686 3522 duplo
701 3449 835 3504 monetae
850 3439 1021 3514 hodiernae,
1042 3439 1104 3500 sci-

129 3524 203 3589 licet
225 3525 335 3588 decem
359 3525 485 3602 irancis,
510 3528 681 3592 dicendum
694 3529 822 3610 culpam
844 3528 981 3606 religiosi
997 3528 1105 3608 dispo-

131 3615 234 3678 nentis
248 3613 316 3676 sine
338 3615 462 3678 licentia
476 3615 517 3678 dc
537 3617 629 3680 bonis
644 3627 818 3682 conventus
834 3620 863 3680 in
888 3618 1027 3678 l'avorem
1050 3634 1105 3678 ex·

131 3711 315 3767 traueorum
336 3720 400 3766 uon
417 3702 482 3768 lore
503 3724 629 3786 gravem
645 3707 705 3768 nisi
730 3709 887 3790 pertingat
907 3703 946 3766 ad
963 3701 1103 3766 valorem
