2590 4208
488 310 574 356 cram
594 309 731 355 runrrns.
1060 301 1099 369 gg

123 417 326 502 regularibus
340 418 372 478 in
389 422 561 496 perpetuum
582 413 740 474 nominari
760 424 901 493 possunt.
926 417 1019 482 Juxta
1041 441 1097 487 au.

124 520 189 574 tem
209 507 350 570 Constit·
363 502 413 566 Ad
431 499 633 584 coaequandum
652 499 683 564 S.
710 500 754 561 Pii
768 499 815 577 u,
830 520 848 565 a
863 503 1012 586 Gregorio
1031 509 1098 576 Xlll
1189 503 1191 511 ’

125 603 323 669 correctam,
347 592 451 656 socius
475 589 641 670 religiosus
668 586 794 674 (unicus
820 597 936 672 tamen)
960 600 1101 678 parocho

126 681 352 764 huicreguhri
367 677 659 759 estadjungendus.
888 748 890 751 Ι

167 771 403 840 Observandum
422 767 508 849 quod
526 765 694 844 religiosus
713 764 752 827 ad
767 785 876 830 curam
892 771 988 838 modo
1007 793 1100 841 reno.

130 862 225 929 cabili
240 861 422 942 deputatus,
438 863 564 918 tenetur
578 853 732 936 superiori
748 872 805 918 suo
819 856 948 923 obedire
962 871 994 924 et
1007 881 1102 944 regum

129 958 194 1020 lam
209 968 350 1023 servare,
365 949 398 1009 in
419 945 459 1007 iis
471 961 543 1026 quae
561 941 719 1024 pastorale
733 941 874 1008 officiunt
889 965 953 1012 non
973 969 1103 1016 cancer.

133 1051 237 1118 nunt,
269 1037 375 1120 quoad
400 1034 484 1100 enin
513 1028 699 1112 hujusmodi
725 1030 867 1096 cilicium
892 1036 1104 1116 jurisdictioni

132 1129 281 1214 Episcopi
296 1125 421 1189 subest
440 1123 485 1186 :si
498 1128 626 1184 econtra
638 1119 672 1180 in
686 1129 873 1200 perpetuum
887 1125 1103 1208 deputaretur,

133 1222 174 1285 ab
191 1216 370 1282 obedientia
383 1213 432 1277 sui
452 1210 571 1274 Praelati
586 1216 617 1271 et
632 1226 650 1270 e
664 1208 773 1287 regula
789 1210 870 1273 liber
883 1224 974 1291 esset,
995 1218 1103 1282 eodem

135 1307 231 1374 modo
246 1325 282 1369 ac
303 1303 463 1383 regulares
487 1299 526 1362 ad
550 1298 766 1378 episcopatum
788 1304 949 1382 provecti3
974 1315 1005 1370 et
1023 1307 1105 1372 idem
1180 1296 1184 1299 ’
1279 1364 1281 1379 ,

136 1406 217 1465 essct
231 1393 398 1457 dicendum
413 1391 438 1451 si
448 1394 688 1470 promoveretur
700 1386 739 1448 ad
750 1390 899 1454 saeculare
906 1393 1105 1474 beneficium,

136 1489 199 1553 nisi
224 1485 316 1547 aliter
334 1479 522 1559 dispositum
543 1474 652 1550 luisset
672 1475 705 1536 in
727 1494 785 1539 suo
814 1479 959 1545 instituto
983 1503 1001 1548 a
1030 1486 1108 1550 sede

138 1572 317 1660 Apostolica
345 1563 540 1650 approbato,
563 1569 656 1645 prout
680 1565 812 1642 contigit
832 1567 865 1628 in
887 1568 1008 1632 Ordine·
1026 1574 1108 1638 Prae·

140 1657 432 1731 monstratensium;
446 1653 540 1716 attali
555 1651 702 1730 religioso
716 1669 819 1714 scetus
831 1671 895 1716 non
910 1668 991 1720 esset
1006 1679 1108 1726 neces·
1225 1659 1228 1665 ’
1286 1654 1288 1674 ’

140 1755 225 1820 sario
243 1742 471 1830 adjungendus.

183 1841 248 1905 Etsi
270 1837 346 1900 olim
367 1831 527 1912 regulares
545 1829 619 1910 eligi
641 1831 801 1911 potuerint
820 1830 859 1893 ad
879 1836 1040 1900 saecularia
1060 1840 1112 1902 he.

144 1931 256 1996 netlcia
271 1919 476 2008 parochialia,
494 1917 589 1981 hodie
601 1925 718 1991 tamen,
735 1918 761 1999 si
775 1917 876 1984 dictos
890 1922 1114 1990 Praemonstra·

146 2031 250 2086 tenses
264 2012 413 2094 excipias,
429 2007 468 2070 ad
482 2005 572 2070 nulla
592 2005 743 2069 beneficia
760 2009 921 2073 saecularia
937 2019 1114 2094 promoveri

147 2115 269 2194 queunt
293 2103 411 2180 absque
431 2096 557 2170 indulto
577 2093 758 2176 apostolico.
784 2095 828 2159 lta
852 2117 934 2180 saepe
955 2105 1117 2186 respondit

148 2201 180 2265 S.
202 2197 314 2273 Gongr.
337 2185 468 2252 Concilii
487 2201 558 2248 cum
573 2183 801 2264 approbatione
815 2189 930 2252 summi
946 2190 1116 2260 Pontiticis.

148 2283 324 2354 Prohibitio
339 2286 443 2340 tamen
464 2273 532 2336 haec
546 2272 814 2353 comprehendero
829 2293 892 2340 non
908 2279 1036 2354 ridetur¹
1047 2284 1118 2346 reli-

148 2379 252 2459 giosos
266 2376 339 2434 vota
353 2372 477 2427 tantum
490 2360 646 2442 simplicia
657 2360 823 2442 professos.
835 2366 1031 2448 Applieanda
1046 2383 1119 2434 sunt

149 2463 245 2530 modo
265 2460 348 2523 dicta
362 2450 561 2534 regularibus
575 2449 680 2530 quoad
701 2451 928 2533 coadjmoriam
949 2461 1119 2538 parochia.

149 2557 224 2620 lem.

191 2647 279 2708 tout.
301 2637 339 2700 ll.
369 2634 400 2698 Si
422 2632 511 2696 dotes
525 2630 689 2710 requisitas
709 2629 858 2709 habeant,
878 2633 903 2696 si
919 2653 1034 2718 nempe
1058 2639 1119 2701 sint

150 2738 311 2803 Doctores,
327 2725 400 2804 eligi
416 2728 547 2804 possunt
562 2719 722 2798 regulares
737 2719 768 2780 in
784 2722 1015 2787 examinatores
1029 2745 1119 2806 syno-

150 2823 239 2890 dales
250 2841 259 2896 ;
271 2829 302 2882 et
315 2816 341 2878 si
357 2818 419 2876 sint
433 2811 466 2874 in
480 2808 632 2888 dignitate
645 2808 806 2871 constituti
821 2855 830 2885 ,
847 2810 878 2872 id
893 2819 941 2872 est
954 2813 979 2873 si
995 2813 1027 2874 in
1050 2834 1121 2878 mo·

152 2909 289 2978 nasterlo
304 2903 429 2968 nullum
440 2897 578 2962 habeant
590 2897 809 2960 immediatum
820 2901 1014 2980 superiorem
1027 2921 1122 2984 supra

152 3022 197 3078 se,
213 3002 345 3084 possunt
363 2990 481 3074 pariter
494 3004 561 3050 esse
577 2985 712 3066 delegati
727 2984 848 3050 Sancte
862 2987 972 3066 Sedis,
989 2992 1123 3073 proinde

151 3091 248 3156 etiam
264 3085 515 3150 Conservatores.
532 3074 648 3138 Vicarii
667 3083 771 3138 tamen
788 3077 949 3155 generales
972 3097 1039 3142 esse
1065 3099 1121 3142 ne-

152 3185 287 3264 queunt,
311 3173 370 3236 nisi
386 3169 435 3232 sui
459 3164 631 3247 superioris
645 3164 740 3226 simul
767 3171 796 3225 et
821 3163 910 3228 Sedis
939 3169 1125 3249 Apostolicae

152 3267 314 3333 licentiam
328 3260 478 3331 habeant,
490 3253 580 3336 juxta
595 3252 678 3316 dicta
693 3253 725 3314 in
741 3252 881 3315 Maenali
895 3263 967 3332 etc,
985 3257 1025 3318 nl·
1048 3263 1126 3326 1139

152 3367 184 3422 et
199 3358 287 3420 tato.

193 3445 314 3509 Eadem
329 3433 498 3519 superioris
512 3431 639 3494 licentia
654 3429 831 3506 accedente,
846 3433 937 3496 evehi
952 3445 1073 3516 queunt
1088 3441 1126 3502 ad

154 3535 273 3621 gradus
288 3525 493 3597 academicos,
509 3537 601 3601 quos,
617 3538 655 3582 ex
670 3519 834 3600 privilegio
848 3523 1036 3603 apostolico,
1053 3545 1127 3608 pos.

155 3634 231 3692 sunt
248 3628 337 3686 extra
352 3613 494 3698 publicas
513 3609 735 3674 Universitates
755 3609 909 3674 obtinere.
935 3612 1125 3679 Professores

156 3701 473 3802 quoqueessevalent
487 3700 519 3760 in
534 3697 656 3771 iisdem,
673 3697 730 3758 nisi
745 3697 848 3762 obstet
862 3703 1025 3784 proprium
1036 3705 1123 3786 ipso-

157 3823 229 3873 rum
244 3800 435 3866 institutum.
454 3786 620 3874 (ltae·ct.,1r·
642 3788 842 3869 atre-2883.)
1029 3809 1031 3814 ·

1006 3891 1076 3945 ror*
