2590 4208
174 257 194 313 ll
448 263 604 324 uisurum
625 261 707 308 rmus
725 261 872 307 cruorum.

178 396 387 463 quecumque
407 385 480 440 vota
501 377 650 440 ordinum
674 373 936 457 approbatorum,
957 373 1013 436 sed
1032 374 1151 438 solum·

179 467 275 532 modo
288 467 402 530 emissa
421 466 604 529 solemniter
621 467 652 526 in
667 464 705 525 iis
720 462 773 542 qui
789 461 828 524 ad
843 463 903 524 hoc
914 471 988 524 sunt
1003 464 1153 542 speciali·

181 569 228 620 ter
243 555 420 638 spprobati.
443 552 521 618 Vota
543 556 628 616 enim
644 553 864 625 Maristarum,
882 551 1155 632 Redemptorista·

180 663 264 720 rum,
286 654 358 720 cto,
385 662 448 706 non
475 651 549 705 sunt
573 642 737 716 solemnia,
764 639 821 702 etsi
842 640 1017 720 approbata
1039 641 1159 707 fuerint

173 724 309 796 'illorum
337 733 501 810 Instituta,
530 733 692 812 quianon
719 727 758 790 ad
783 729 845 790 hoc
869 727 956 790 fuere
980 729 1157 812 specialiter

183 821 368 904 approbate.
793 891 796 896 ,

174 978 176 984 ,
224 909 289 971 lmo
313 928 352 971 ex
373 908 461 971 bulla
477 907 686 970 Instaurundre
705 905 879 969 lnnocentii
903 905 947 980 X,
971 908 1064 984 cujus
1080 927 1158 990 prre·

184 998 298 1078 scripta
313 999 375 1058 vim
391 998 467 1077 legis
482 997 600 1076 ubique
611 995 741 1071 habent,
755 997 844 1073 Juxta
858 993 971 1056 Bened.
984 995 1054 1060 XlV
1070 999 1093 1071 ¹,
1110 1014 1159 1062 so·

186 1087 305 1148 lemnia
320 1105 387 1147 esse
401 1094 564 1166 nequeunt
579 1095 663 1157 vota,
679 1083 738 1144 nisi
752 1083 936 1145 emittantur
953 1091 983 1145 et
998 1093 1160 1167 accepten-

186 1181 237 1235 tur
249 1174 280 1234 in
292 1173 440 1236 domibus
455 1173 639 1236 auctoritate
652 1171 683 1234 S.
698 1169 786 1234 Sedis
798 1171 918 1233 erectis.
932 1171 994 1235 Nec
1004 1171 1161 1254 ibiaccipi

95 1288 98 1294 ·
186 1261 418 1336 valentralids‚
434 1263 495 1324 nisi
511 1280 528 1324 a
543 1259 757 1342 superioribus
771 1258 811 1321 ab
825 1258 935 1322 eadem
951 1257 982 1322 S.
1001 1257 1082 1324 Sede
1094 1279 1162 1342 spe·

186 1349 307 1412 cialiter
321 1351 487 1428 deputatis.
755 1399 759 1406 .

226 1438 295 1501 930.
318 1439 351 1499 to
366 1441 497 1517 Insuper
512 1438 652 1500 Ecclesia
669 1439 832 1510 solemnia
855 1453 918 1498 nou
934 1446 1062 1517 reputat
1089 1457 1161 1502 mo-

187 1527 321 1590 nialium
333 1535 418 1606 vota,
434 1527 494 1589 nisi
509 1529 621 1588 emissa
637 1527 754 1588 fuerint
769 1527 800 1588 in
811 1525 907 1589 domo
918 1525 1076 1590 clausurae
1089 1527 1161 1590 ads-

187 1617 288 1680 tricta.
316 1615 360 1678 lta
388 1634 458 1697 unp.
487 1617 669 1690 Periculose,
700 1617 743 1678 De
765 1625 844 1676 statu
869 1614 1028 1694 reliquium·
1063 1614 1160 1680 Gonu.

186 1705 269 1768 Trid.
287 1724 361 1768 sess.
385 1723 458 1781 uxr,
475 1724 502 1767 c.
521 1706 552 1782 5,
567 1705 611 1766 De
624 1705 736 1786 repul,
753 1712 783 1766 et
804 1701 918 1765 Beued.
944 1702 1028 1782 XIV,
1051 1703 1158 1767 floust.

190 1793 341 1868 Ouomuls,
370 1793 409 1856 30
429 1812 496 1875 apr.
520 1793 608 1855 true.
633 1792 706 1868 Quae
718 1792 876 1867 clausura,
893 1808 956 1853 nou
973 1793 1160 1873 episcopalis

190 1892 327 1952 tantum,
347 1881 400 1944 sed
422 1881 545 1963 papalis
566 1890 613 1944 cst
632 1880 857 1960 intelligenda,
873 1878 905 1941 id
919 1887 965 1941 est
978 1881 1127 1944 clausura
1142 1899 1160 1944 a

188 1972 282 2032 sacris
297 1969 472 2033 canonibus
488 1970 665 2051 praescripta
680 2015 687 2044 ‚
704 1978 734 2032 et
745 1969 835 2050 juxta
850 1968 1034 2031 eorumdem
1058 1971 1160 2038 deter-

189 2061 395 2121 minationem
419 2058 628 2133 observanda,
645 2059 688 2120 ita
703 2067 738 2120 ut
752 2057 791 2121 dc
806 2076 843 2120 ea
863 2057 1159 2140 ipsimetupiscopi,

187 2149 241 2228 qui
258 2147 391 2229 speciale
410 2165 473 2209 non
495 2146 615 2208 habent
637 2146 810 2222 indultum,
835 2145 922 2207 haud
946 2157 1082 2226 possunt
1096 2147 1158 2210 dis-

187 2255 319 2318 pensare
331 2235 391 2296 nisi
407 2237 438 2296 in
458 2235 612 2298 casibusa
628 2235 696 2314 lege
711 2235 937 2298 determinatis.
1047 2247 1049 2251 ’

226 2324 295 2387 931.
320 2323 447 2386 llefectu
466 2342 572 2386 earum
588 2324 820 2398 conditionum,
834 2321 1020 2386 monialium
1037 2333 1113 2388 vola
1127 2327 1158 2387 in

187 2413 286 2476 Gallie
311 2431 374 2476 nen
390 2413 550 2495 habentur
563 2421 597 2474 ut
612 2412 766 2474 solemnia
781 2431 799 2475 a
816 2410 930 2474 Sancta
954 2411 1048 2485 Sede,
1066 2415 1158 2476 ctiam

187 2505 218 2564 in
235 2502 431 2565 monasteriis
449 2501 487 2564 ad
509 2499 639 2566 Ordines
659 2501 836 2582 specialiter
850 2500 1045 2582 approbatos
1060 2504 1157 2583 perti-

187 2591 347 2666 nentibus,
365 2591 439 2653 licet
453 2592 484 2653 in
501 2589 612 2652 iisdem
627 2599 714 2652 extra
727 2589 862 2652 Galliam
879 2587 1031 2670 professio
1047 2591 1160 2653 solem·

187 2681 235 2742 nis
260 2679 292 2740 iu
314 2697 372 2742 usu
397 2679 446 2742 sit.
476 2679 509 2741 ln
533 2677 632 2740 Gallia
647 2680 733 2742 enim
749 2679 904 2741 moniales
926 2678 985 2740 nisi
1008 2680 1161 2744 clausurae

187 2767 355 2849 episcopali
385 2767 608 2850 subjiciuntur.
638 2767 716 2830 Nam
751 2773 892 2848 tempore
919 2769 1160 2832 restaurationis

186 2857 301 2928 cultus,
319 2865 388 2938 post
411 2856 582 2936 lugendam
609 2855 880 2935 perturbationem
903 2859 992 2928 1789,
1019 2857 1159 2937 ipsarum

186 2947 378 3009 monasteria
391 2947 576 3009 auctoritate
592 2943 622 3007 S.
639 2944 727 3007 Sedis
737 2961 801 3007 non
818 2944 905 3010 fuere
919 2952 1034 3022 erecta,
1052 2949 1160 3010 necab

187 3034 298 3097 eadem
314 3033 346 3097 S.
368 3033 446 3095 Sede
462 3034 677 3114 superiorissae
702 3039 889 3114 potestatem
910 3043 1101 3114 acceperuut
1122 3035 1158 3098 ad

187 3123 361 3186 solemnem
376 3120 603 3204 professionem
619 3121 817 3185 admittendi.

228 3211 289 3273 Cur
304 3228 378 3272 vero
391 3208 510 3276 ,Sancta
529 3211 623 3274 Sedes
639 3229 703 3274 non
725 3211 949 3292 praesoripserit
963 3213 1161 3279 monialibus

188 3300 296 3362 Galliae
310 3299 562 3362 observationem
582 3319 692 3364 eorum
710 3319 780 3381 quae
795 3299 835 3362 ad
851 3299 1084 3364 solemnitatem
1107 3322 1152 3367 vo

188 3397 291 3450 torum
313 3389 537 3469 requiruntur,
554 3389 630 3451 dum
647 3388 804 3451 incudem
825 3387 946 3450 ditione
958 3388 1080 3470 absque
1096 3393 1161 3455 ulla

187 3476 370 3539 difficultate
397 3477 562 3540 admittere
587 3477 739 3559 permittit
763 3477 845 3539 uiros
868 3475 908 3538 ad
932 3476 1159 3557 professionem

187 3562 386 3641 solemnem,
418 3584 488 3627 vera
515 3567 594 3629 ratio
615 3565 737 3628 ridetur
762 3565 947 3646 essequod,
974 3583 991 3628 a
1019 3575 1160 3650 tempore

217 3745 240 3796 l.
260 3746 299 3795 Da
313 3748 385 3807 blan,
400 3748 415 3799 l.
433 3759 466 3804 rx.
481 3761 501 3798 a.
515 3748 536 3806 l,
550 3756 576 3794 u·
588 3759 623 3796 rr·
