2552 4204
195 385 252 442 ibt
460 400 616 450 murare
637 403 717 451 runis
737 401 885 450 ctuoulcl.

196 505 318 570 nullitas
329 507 536 574 collationiset
545 512 686 594 obligatio
701 512 877 576 restituendi
885 509 1017 588 fructus;
1030 515 1067 572 4⁰
1078 510 1163 573 inba-

197 594 293 658 bilitas
310 597 348 658 ad
370 598 449 661 idern
465 599 648 664 beneficium
665 601 883 676 obtinendum,
900 607 930 664 et
942 600 980 662 ad
1001 601 1060 662 alia
1075 619 1162 681 quae-

195 701 328 766 cumque
349 692 554 770 assequenda;
576 693 611 754 li·
635 691 761 770 privatio
782 691 910 753 aliorum
938 689 1165 752 beneficiorum

192 772 274 850 J'ustb
292 781 380 838 antea
398 779 589 842 obtentorum
611 799 618 841 ε
642 777 690 842 hae
711 779 833 861 quidem
850 797 947 861 poenae
962 779 1165 841 incurruntur

196 859 260 939 ipso
278 860 366 940 sacto,
390 867 442 928 sed
457 870 617 949 requiritur
630 871 779 931 sententia
793 870 929 932 criminis
942 868 1163 937 declaratoria;

195 948 227 1009 6⁰
240 950 361 1015 collatio
373 955 510 1020 beneficii
522 975 574 1036 per
589 959 804 1020 confidentiant
815 957 878 1020 dati
890 958 928 1020 ad
944 960 1058 1036 Papam
1068 974 1165 1018 reser-

198 1045 480 1106 aaron-taenaro
505 1054 630 1120 servata,
646 1065 707 1111 non
724 1048 796 1106 verb
808 1043 952 1109 interdd
974 1052 1081 1120 Apost.
1094 1044 1164 1107 Sed.

229 1134 311 1196 Noto
325 1130 406 1211 qubd
428 1131 452 1192 si
470 1128 538 1210 quis
554 1127 686 1208 resignet
704 1125 890 1188 beneficium
905 1145 978 1190 curn
998 1127 1167 1216 corriden-

190 1222 240 1292 ria,
253 1241 288 1282 ex
302 1218 478 1280 auctoritate
491 1215 616 1296 privata,
628 1232 690 1276 non
701 1213 825 1276 obtento
835 1215 1008 1296 Superioris
1024 1233 1171 1291 assensu,

190 1315 334 1390 precantur
348 1305 482 1386 urridens,
499 1303 550 1364 sed
562 1311 636 1365 tunc
656 1321 717 1364 non
732 1302 930 1365 incurrantur
941 1303 1032 1366 dictae
1046 1323 1164 1384 poenae5

191 1397 257 1458 talis
278 1395 361 1456 enirn
374 1391 537 1472 resignatio
551 1391 589 1453 de
601 1409 633 1452 se
645 1396 691 1453 est
703 1391 797 1467 nulla,
813 1392 905 1453 etiarn
927 1391 1171 1472 independenter

191 1479 1172 1562 daimoniacapactionePoenaeautenrnonincurruntur,quan·

191 1572 230 1634 do
241 1571 404 1652 resignatio
414 1567 653 1649 independenter
663 1570 680 1630 a
691 1568 757 1630 labe
770 1569 908 1631 simoniae
918 1589 980 1632 non
993 1577 1039 1632 est
1054 1569 1167 1632 valida.

231 1662 316 1724 Circa
330 1658 472 1742 praedicta
487 1657 655 1720 notandum
667 1663 712 1719 est
724 1657 823 1720 adhuc
836 1659 931 1738 qued,
945 1659 1072 1720 nomine
1084 1659 1174 1722 bene

193 1748 334 1813 doiorum
350 1754 379 1810 ct
393 1747 563 1810 officiorum
576 1764 707 1827 quorum
723 1746 828 1808 electio
843 1747 1010 1810 simoniaca
1026 1749 1111 1810 nulla
1126 1757 1173 1811 est

194 1840 260 1922 ipso
270 1839 350 1920 jure,
366 1855 427 1899 non
444 1837 571 1898 veniunt
585 1835 704 1898 vicariae
725 1835 901 1898 amoribiles
919 1836 1099 1910 adnutum,
1117 1856 1173 1899 nec

197 1928 369 2010 pensiones,
392 1943 451 1988 nec
470 1922 645 2005 capellaniae
664 1942 725 1986 non
745 1924 903 1998 collativae,
924 1943 982 1988 neo
1002 1925 1102 1987 officia
1119 1928 1171 1986 ln-

199 2015 364 2099 quisitoris,
386 2014 501 2094 Legati,
524 2018 577 2074 aut
589 2014 810 2095 quuscunrque
827 2013 968 2075 habentis
983 2014 1172 2093 iurisdictio-

200 2122 273 2168 nem
301 2103 489 2186 spiritualem
511 2102 548 2164 ad
572 2105 714 2184 ternpus¹
738 2123 746 2164 :
772 2102 930 2184 quianon
952 2109 1026 2166 sunt
1050 2105 1173 2186 proprie

199 2200 297 2264 officia
320 2198 535 2274 ecclesiastica;
558 2203 589 2259 et
606 2199 744 2280 quamvis
758 2197 887 2260 slmonia
903 2196 982 2260 adsit
1002 2197 1174 2262 initlorum
1264 2199 1265 2204 ’

197 2288 384 2365 venditione,
400 2294 697 2368 attamenpropterea
709 2305 770 2351 non
788 2287 988 2351 incurrantur
1004 2305 1110 2368 poenae
1126 2307 1175 2352 su·

199 2397 254 2462 pra
269 2378 448 2441 enuntiatae.

237 2467 296 2531 Sed
314 2467 413 2530 veribs
428 2467 571 2531 invalidae
586 2471 657 2530 sunt
668 2466 831 2530 electiones
843 2465 1022 2530 simoniaoae
1037 2467 1175 2532 Genera·
1263 2493 1264 2514 r

192 2555 290 2632 latds,
318 2556 472 2633 Abbatiae,
496 2556 749 2630 Provincialatbs,
772 2555 946 2632 Prioratds,
970 2554 1174 2633 Rectbralbs.

196 2647 387 2726 aliorumque
403 2646 575 2709 officiorum
594 2645 797 2729 spiritualium
812 2645 842 2706 in
858 2645 1082 2728 Religionibus.
1101 2647 1175 2709 Vide

197 2737 317 2797 Extrav.
329 2740 359 2810 a,
375 2734 562 2800 Desioroor'd.
1262 2789 1263 2800 2

235 2827 304 2888 889.
328 2825 451 2897 Quaerit.
471 2828 502 2889 8t
519 2829 565 2886 An
587 2824 695 2887 electio
713 2825 745 2888 S.
768 2823 925 2887 Pontificio
942 2824 1114 2888 simoniaca
1135 2827 1175 2890 rit

197 2912 351 2976 invalida?

236 3005 326 3084 Resp.
355 3004 422 3064 Non
437 3002 622 3066 concordare
640 3003 672 3064 in
693 3001 753 3065 hoc
766 3003 829 3064 DD.
845 3020 853 3062 r
869 3001 918 3062 alii
933 3002 1018 3064 enim
1039 3011 1169 3086 negant,

198 3097 231 3154 ut
243 3094 353 3153 Suarez
367 3097 396 3152 et
410 3091 459 3151 alii
475 3091 591 3171 plures,
609 3097 638 3153 et
659 3091 789 3173 probant
803 3110 839 3152 ex
853 3108 921 3171 cap.
937 3090 1024 3152 Licet
1037 3095 1075 3168 63
1092 3095 1175 3156 atlir-

198 3189 284 3242 mant
295 3186 397 3239 tarncn
411 3180 533 3254 varille,
546 3181 630 3257 juxta
643 3183 674 3242 S.
689 3181 811 3261 Liguor.
826 3180 890 3257 (it,
902 3199 996 3262 quaer.
1011 3180 1060 3262 t),
1072 3183 1176 3246 dabas

198 3272 264 3344 sut,
282 3268 441 3344 Bouaria,
455 3269 539 3342 Viva,
554 3276 626 3343 etc,
645 3287 716 3331 cum
735 3268 938 3331 communiori
955 3271 1127 3346 sententia,
1148 3277 1176 3334 et
1260 3327 1261 3330 ,

198 3356 328 3437 probant
342 3375 459 3438 excap.
481 3355 519 3420 Si
536 3358 618 3440 quis,
643 3355 712 3420 dist.
739 3361 795 3432 ru;
820 3363 850 3418 et
863 3356 975 3420 clarius
998 3375 1035 3418 ex
1059 3359 1174 3422 Concil.

198 3446 335 3507 Lateran.
350 3447 390 3517 V,
408 3464 481 3508 sess.
498 3450 528 3520 5,
543 3446 594 3508 ubi
609 3445 739 3508 dioiturr
756 3448 876 3522 aSacro
889 3445 1080 3525 approbante
1097 3451 1175 3511 Gon·

203 3534 308 3597 «cilio
329 3535 483 3612 statuitur,
505 3550 540 3598 ut
560 3535 667 3598 electio
688 3535 817 3606 Romani
833 3535 989 3598 Pontifiois
1003 3555 1061 3617 per
1082 3539 1174 3602 simo·
1259 3565 1260 3570 ¹

233 3750 241 3777 ⁴
256 3739 293 3796 Ex
304 3744 342 3794 his
354 3743 435 3796 verbis
447 3743 554 3796 dubitari
564 3751 645 3811 potest
656 3761 687 3796 an
700 3744 887 3798 incurrerentur
900 3761 979 3812 poene
989 3748 1144 3814 supradictas
1153 3751 1176 3800 in

202 3815 344 3866 venditione
360 3814 532 3879 parochiarum
545 3831 600 3882 qua
612 3817 677 3882 apud
696 3831 742 3868 nor
755 3825 877 3870 vocantur
890 3819 1056 3882 succurrale's,
1070 3838 1175 3887 quorun
1258 3851 1259 3864 ,

203 3893 309 3938 ractores
318 3885 348 3936 ab
364 3885 484 3949 Episcopo
501 3885 554 3936 rint
564 3886 650 3938 formis
660 3887 773 3951 juridicia
785 3889 906 3941 removeri
919 3897 1033 3954 possunt.
