2552 4204
474 255 559 300 arara
581 255 702 300 orarius
1023 243 1083 301 699

101 355 284 436 incurritur,
297 357 321 419 si
336 358 439 420 revera
453 374 513 417 non
533 355 653 430 existat3
673 355 698 416 si
716 354 788 416 verb
807 371 935 417 censura
953 354 1080 428 existat,

98 445 243 523 quamvis
258 446 295 506 sil
306 446 410 528 ¹dubia,
426 445 591 506 incurritur
603 445 627 504 si
643 443 795 504 moraliter
806 461 869 506 non
881 442 1088 505 adhibeantur

102 532 203 595 media
227 534 406 597 sufficientia
425 533 462 594 ad
486 533 640 595 veritatem
659 531 870 611 detegendam.
890 532 1003 612 Excipe
1026 529 1084 595 nisi

102 638 234 683 censura
248 622 376 684 ferretur
391 621 509 684 tamum
525 625 630 682 contra
644 620 813 681 temerarios
825 666 833 694 ,
847 620 893 682 vel
906 639 1084 700 presumen-

104 722 158 786 tes,
176 716 236 772 otc.
258 712 288 772 Si
313 718 414 773 autem
437 711 501 772 haro
520 709 620 771 media
642 708 841 771 adhibeantur
852 715 881 771 et
894 709 1024 771 dublum
1038 725 1086 769 su·

106 799 218 880 parsit,
241 799 327 878 juxta
350 816 544 861 communem
566 813 601 860 ac
623 797 771 860 veriorem
795 797 996 873 sententiam,
1013 802 1086 857 tunc

106 905 236 948 consum
256 906 317 948 non
342 887 522 962 incurritur,
539 887 608 948 licet
629 887 766 969 expediat
789 891 862 950 tunc
884 885 922 949 ad
944 886 1086 967 mojorem

107 976 251 1037 cautelam
266 995 298 1038 se
312 977 461 1038 abstinero
473 981 503 1038 ct
515 983 615 1057 peiere
632 975 864 1040 absolutionem.

149 1068 222 1128 826.
239 1099 279 1109 -
291 1067 327 1126 ll.
343 1066 437 1126 Causa
462 1071 506 1126 cst
526 1074 616 1126 metas
633 1065 735 1146 pronis
749 1065 840 1143 mall,
856 1075 908 1128 aut
931 1082 1044 1145 urgens
1058 1066 1085 1126 el

110 1152 208 1232 gravis
222 1152 402 1214 necessitas:
418 1173 446 1215 v.
459 1153 671 1233 g.,necossitas
684 1153 796 1216 vitandi
809 1171 897 1234 grave
911 1152 1086 1215 scandalum

111 1258 182 1302 casu
204 1259 267 1321 quo
289 1241 407 1304 occulta
420 1251 464 1302 ost
482 1259 629 1318 oensura;
646 1242 693 1304 vel
708 1242 880 1304 celebrandi
894 1241 931 1304 ad
942 1241 1087 1304 adminis-

113 1328 257 1390 trandum
273 1329 394 1411 infirmo
407 1330 542 1410 proxime
564 1331 753 1410 periclitanti.
768 1333 865 1414 Leges
883 1332 966 1394 enim
981 1330 1087 1392 Eccle-

113 1418 166 1480 siae
182 1436 244 1480 non
260 1417 394 1499 obligant
407 1437 478 1482 curn
493 1437 604 1498 magno
618 1419 824 1483 incommodo.

151 1507 319 1570 aar-111.
333 1505 483 1570 causaest
496 1507 624 1570 mollitos
637 1527 779 1572 censaroe:
792 1525 921 1570 censura
932 1508 1015 1570 enim
1028 1525 1089 1568 non

12 1615 14 1648 t
114 1595 334 1744 cristeppinon
358 1595 491 1676 obligat,
507 1597 612 1659 saltem
627 1615 663 1659 ex
683 1615 736 1658 se:
753 1597 847 1659 Clern.
864 1595 955 1671 Mle
967 1604 1087 1658 ceratem.

12 1695 14 1702 ’
116 1693 143 1745 el
155 1703 237 1764 repo
260 1702 298 1746 tc.

154 1773 253 1836 Nullae
265 1777 364 1834 autem
379 1790 444 1834 esse
459 1779 586 1854 possunt
596 1791 753 1836 censurae:
768 1777 799 1835 l⁰
813 1773 933 1835 delectu
945 1774 1090 1853 iurisdic-

115 1862 208 1924 tionis
222 1879 260 1924 ex
275 1867 357 1942 parto
371 1861 492 1924 serentis
508 1881 515 1923 ε
532 1862 615 1942 quod
628 1863 803 1942 contingere
817 1867 928 1942 potest,
941 1869 993 1925 aut
1004 1881 1041 1925 ex
1055 1883 1093 1927 eo

12 1955 18 1960 “
115 1949 377 2033 qudeurisdictio
392 1949 563 2030 Superioris
576 1951 614 2012 sit
627 1952 722 2029 ajuro
737 1950 873 2028 limitata,
889 1958 941 2013 aut
954 1953 1024 2032 quia
1039 1971 1094 2034 per

116 2056 262 2102 censuras
273 2043 319 2100 est
336 2037 494 2120 impedita,
509 2045 561 2101 aut
573 2039 732 2122 appellatio
748 2037 804 2102 tuit
818 2041 990 2121 interposita
1004 2050 1091 2104 anle-

115 2145 211 2209 quam
221 2145 350 2189 censura
363 2125 452 2188 fuerit
466 2127 534 2202 lala,
547 2133 600 2190 aut
613 2128 744 2210 denique
758 2129 828 2209 quia
842 2146 970 2191 censura
984 2129 1015 2191 in
1031 2149 1092 2194 non

116 2215 274 2278 subditum
287 2213 400 2296 prolata
409 2214 481 2291 tum
494 2219 526 2276 2⁰
540 2215 630 2278 nullae
644 2217 753 2296 pariter
763 2221 835 2279 sunt
845 2235 991 2296 censurae,
1004 2220 1092 2282 etiam

118 2305 146 2365 in
171 2303 240 2367 loro
261 2301 469 2378 conscientiae,
489 2303 528 2364 ob
542 2303 736 2367 omissionem
760 2304 975 2368 formalitatum
990 2326 1094 2370 essen·

118 2393 227 2456 tialitor
238 2391 269 2454 in
281 2409 422 2473 processu
435 2391 659 2472 requisicrunt,
670 2393 751 2454 velut
759 2393 784 2454 si
797 2393 983 2456 omitteretur
994 2397 1094 2459 citatio

118 2482 149 2542 in
164 2498 239 2543 casu
254 2497 318 2543 non
332 2479 458 2540 omnino
475 2480 608 2555 notorio,
624 2479 671 2543 vel
683 2481 707 2542 si
722 2498 774 2542 reo
787 2479 988 2560 denegaretur
997 2481 1093 2545 lacul-

119 2575 163 2630 tas
185 2587 219 2631 se
233 2567 415 2631 sullicienter
439 2567 598 2647 injudicio
611 2568 734 2644 tuendi;
749 2571 782 2632 3⁰
802 2569 893 2631 nnllae
915 2577 1014 2631 essent
1026 2589 1094 2635 cen

118 2676 200 2721 surae
211 2655 253 2719 ob
269 2657 435 2719 absentiam
450 2673 550 2718 causas
564 2655 755 2732 sufficientis,
765 2656 790 2718 si
801 2675 911 2738 nempe
926 2659 1094 2725 nullaesset

119 2748 210 2827 culpa
232 2745 278 2809 vel
300 2745 324 2806 si
346 2743 475 2826 Jurioice
493 2743 532 2806 de
551 2743 601 2805 illa
626 2763 688 2807 non
711 2751 879 2818 constaret,
895 2747 1018 2826 quando
1041 2769 1096 2829 per

119 2835 302 2898 sententiam
316 2851 444 2896 censura
468 2832 623 2909 infligitur.
640 2834 717 2895 Casu
731 2835 802 2896 verb
821 2852 883 2914 quo
903 2851 1031 2896 censura
1051 2844 1096 2898 est

122 2922 376 2998 intermeante,
397 2921 560 2984 incurritur
580 2921 703 3003 quidem
720 2923 752 2984 in
774 2922 841 2985 loro
864 2921 1056 2986 conscientiae
1070 2927 1095 2988 si

121 3014 321 3076 commissum
336 3011 390 3071 luit
408 3011 541 3088 crimen,
555 3009 624 3073 licet
637 3011 675 3072 de
689 3029 726 3074 co
740 3011 870 3090 iuridici
886 3028 947 3071 non
961 3018 1093 3093 constet,

121 3102 173 3165 sed
193 3099 365 3164 denuntiari
387 3097 514 3180 nequit,
533 3099 590 3161 nisi
615 3101 673 3160 boe
685 3101 802 3162 crimen
821 3099 951 3180 iuridice
970 3099 1008 3161 sit
1030 3121 1095 3182 pro

121 3189 239 3253 batum.
1036 3239 1040 3247 .

165 3282 197 3340 ln
210 3282 242 3340 l·
256 3284 286 3340 et
299 3285 332 3342 2⁰
346 3278 443 3342 exlris
457 3277 577 3342 casibus
591 3277 735 3340 nullitatis
748 3295 875 3341 censura
890 3277 1007 3341 nullum
1022 3275 1101 3362 pro-²

122 3367 206 3432 ducit
225 3367 388 3443 ellectum,
405 3387 462 3430 nec
480 3373 525 3428 est
547 3365 734 3429 observanda
752 3369 815 3427 tani
831 3368 862 3428 in
884 3366 949 3430 loro
972 3377 1095 3432 externo

123 3458 218 3541 quam
233 3456 353 3518 interno
367 3503 375 3530 ,
389 3455 481 3518 modo
499 3472 589 3517 causa
604 3453 746 3515 nullitatis
761 3455 799 3516 sit
811 3455 947 3536 publica3
964 3456 1096 3520 intortio

124 3545 216 3622 verb,
232 3563 362 3608 censura
382 3563 445 3607 non
467 3545 537 3626 ligat
556 3542 681 3625 quidem
697 3541 729 3603 in
744 3541 809 3606 foro
831 3543 971 3620 interno,
986 3545 1039 3606 sed
1052 3555 1098 3608 est

125 3633 312 3698 observanda
326 3633 357 3696 in
372 3639 512 3709 externo,
528 3629 650 3713 quando
671 3631 785 3711 prolata
800 3631 854 3693 luit
867 3632 995 3710 ajudice
1009 3650 1096 3694 com-

128 3728 258 3792 petente,
273 3726 304 3783 et
313 3721 388 3794 juris
402 3722 477 3784 ordo
491 3727 626 3783 servatus
638 3716 704 3781 luit.
721 3720 796 3781 Vide
809 3739 875 3799 cap.
893 3718 1047 3780 Sententia
1062 3724 1093 3794 l,
