2590 4208
390 271 822 426 ‚surrentinorum
911 303 915 307 ’

347 525 402 592 nie
444 542 587 612 66666·
628 542 888 600 6666666666.
952 577 956 586 .
1074 586 1077 608 ,

537 735 696 757 -οοσ-

173 889 245 954 923.
269 891 428 973 Quidquid
450 890 598 954 nonnulii·
611 889 765 968 dixerint,
782 896 898 952 statum
921 887 1102 969 religiosum

134 977 232 1043 inisse
250 997 268 1042 a
287 979 410 1044 Christo
425 979 625 1054 institutum,
646 979 756 1042 saitem
771 977 878 1060 quoad
891 978 991 1060 ipsius
1009 977 1102 1040 subs-

136 1069 280 1142 tantiam,
306 1068 440 1132 tenenda
463 1075 510 1131 est
533 1069 687 1145 sententia
699 1067 811 1149 ,juxta
835 1067 1028 1130 Suarezium
1048 1063 1103 1148 (Do

134 1165 256 1218 stature
259 1157 329 1238 119,
348 1163 384 1218 tr.
400 1155 591 1232 7,111).3,6
609 1154 678 1218 260
693 1155 737 1237 4).
755 1155 903 1218 innititur
923 1157 1101 1218 haecasser·

136 1246 348 1326 tropraeerpue
368 1244 470 1306 verbis
493 1243 665 1318 suaith,
687 1244 780 1317 6.,19
804 1244 1008 1320 6.166160;
1028 1261 1100 1325 cap.

136 1333 185 1408 16,
211 1352 240 1395 v.
262 1331 329 1410 24,
342 1341 373 1395 61
387 1333 484 1414 Epist
502 1333 518 1396 1
544 1332 584 1395 66
599 1333 683 1410 666
699 1353 728 1396 6.
754 1331 903 1408 7666
905 1333 963 1411 40
986 1332 1103 1416 quibus

135 1411 278 1484 Christus
296 1421 336 1484 66
354 1421 414 1484 tria
434 1421 566 1486 consilia
582 1421 787 1503 paupertatis
804 1423 956 1484 rastitatis
975 1433 1005 1485 et
1025 1423 1101 1486 666·
1107 1473 1111 1497 ,‚

133 1510 272 1585 dientiee,
286 1517 317 1572 et
331 1507 370 1572 66
386 1521 455 1575 vota
477 1508 517 1572 66
533 1509 596 1572 illis
611 1519 763 1591 perpetuo
778 1509 921 1573 iacienda
945 1495 1100 1590 hortatur.
1106 1557 1110 1566 .

134 1600 253 1662 Porro
245 1618 279 1661 m
292 1599 345 1662 his
358 1597 459 1660 tribus
470 1599 550 1662 votis
569 1598 711 1662 consistit
725 1598 900 1662 substantia
914 1607 1014 1662 status
1028 1585 1108 1678 reli-2

134 1689 225 1768 giosi,
239 1696 274 1750 ut
287 1687 368 1760 inira
381 1686 549 1752 videbitur

173 1777 213 1840 Et
228 1795 353 1852 revera,
369 1775 465 1840 etiam
477 1776 515 1838 ab
528 1759 675 1839 1166166166
688 1775 840 1851 exordiis,
859 1775 998 1857 extitisse
1013 1793 1108 1844 veros

133 1866 297 1946 religiosos
313 1875 361 1928 sat
380 1873 487 1946 aperto
508 1863 715 1930 demonstrari
732 1873 856 1947 potest:
874 1879 948 1946 nam
963 1864 1010 1927 iili
1025 1865 1101 1928 666-

134 1958 189 2031 166,
204 1955 321 2038 quibus
335 1955 425 2036 Juxta
439 1953 479 2016 S
492 1953 606 2016 Lucam
622 1957 632 1994 ¹
651 1963 737 2016 erant
748 1953 846 2018 omnin
858 1955 1034 2031 communio,
1046 1953 1105 2035 qui.

130 2045 319 2126 possessiones
331 2053 358 2106 et
370 2043 550 2106 substantias
564 2042 721 2106 vendebant
735 2051 764 2106 et
774 2043 922 2126 ponebant
935 2052 1002 2106 onte
1015 2041 1109 2120 pedes,

133 2133 362 2216 Apostolorum,
385 2133 440 2214 qui
457 2131 628 2208 dividebant
646 2131 779 2194 omnibus
791 2139 883 2214 prout
907 2133 1010 2213 ruique
1030 2151 1100 2212 opus

128 2231 205 2298 erat,
215 2223 277 2285 hoe
289 2221 386 2302 egisse
396 2238 461 2284 666
474 2221 690 2283 videnturnisi
705 2219 848 2286 vovendo
861 2227 1078 2302 paupertatem
1088 2243 1104 2304 3¹

129 2330 225 2395 porro
240 2313 266 2374 si
287 2327 351 2374 666
367 2309 540 2372 accessisset
561 2327 688 2392 quoquo
702 2309 852 2372 eastitatis
865 2318 986 2384 votum,
999 2309 1106 2393 ipos-3

129 2402 184 2466 toli
200 2416 276 2464 6666
290 2417 355 2461 666
367 2398 582 2480 permisissent
593 2397 776 2480 parentibus
791 2397 927 2462 siefiiios
941 2416 1014 2461 suos
1029 2417 1099 2483 spo·

128 2491 207 2554 11666
223 2510 231 2551 :
254 2496 372 2552 etcum
389 2488 456 2550 haeo
469 2487 588 2550 fiebant
603 2487 663 2550 sub
683 2487 837 2568 regimine
860 2486 1096 2568 Apostolorum,

127 2579 238 2643 aderat
264 2578 381 2659 pariter
403 2575 588 2640 obedientis
609 2585 717 2639 votum
730 2595 740 2653 ;
760 2575 893 2658 proinde
918 2574 951 2636 in
980 2575 1018 2636 iis
1038 2575 1095 2638 ad-

127 2677 226 2732 66616
240 2674 331 2730 66661
344 2665 452 2727 omnia
476 2674 591 2728 statum
607 2663 788 2744 religiosum
809 2665 1041 2746 componentia.
1058 2663 1097 2727 m

126 2757 170 2820 ita
191 2757 260 2820 haee
274 2756 476 2835 interpretata
500 2751 586 2816 inere
608 2772 625 2814 6
647 2752 790 2834 pluribus
808 2750 861 2816 SS.
888 2752 1041 2829 Patribus,
1061 2761 1097 2816 ut

125 2845 231 2910 videre
245 2851 292 2908 est
304 2843 388 2924 apud
404 2842 514 2920 Bouix,
526 2839 569 2904 Dr
583 2841 676 2923 116961
677 2841 788 2918 aridus,
803 2861 833 2922 p.
852 2840 920 2904 161.

166 2935 318 2998 Praeterea
332 2950 396 2996 666
413 2939 536 2994 tantum
551 2929 721 2994 traditione
734 2929 884 2992 discimus
899 2947 916 2990 a
939 2927 992 2992 SS
1015 2929 1095 2993 Mar-

127 3025 178 3088 tha
193 3031 225 3088 61
239 3021 423 3103 1663661666
438 3019 645 3103 amplexatam
667 3018 761 3082 luisse
784 3020 881 3081 vitani
905 3019 1093 3098 religiosam,

124 3113 191 3190 sed,
208 3123 245 3176 ut
265 3111 310 3174 nit
324 3110 356 3174 S.
374 3110 559 3174 Francisous
582 3105 720 3172 Saiesius
734 3108 760 3172 ¹.
786 3130 802 3169 6
823 3105 853 3171 S.
873 3106 1095 3188 1366666166-

124 3227 138 3260 »
164 3202 218 3284 616
230 3201 284 3264 666
304 3200 447 3282 Apdlres,
471 3196 971 3280 666166616661116111661666616
995 3193 1093 3272 salue,

123 3314 137 3350 s
161 3289 262 3365 dit-ii,
278 3287 471 3352 l'assemblde
489 3284 684 3366 desilierges
707 3285 781 3348 6116
796 3283 1024 3364 Congrdgation
1040 3284 1094 3348 des

123 3405 136 3439 s
162 3395 285 3443 veures.
310 3375 349 3439 m
373 3377 501 3438 aiiieurs
516 3375 538 3438 ii
564 3372 786 3438 recommendo
807 3372 825 3434 6
846 3391 925 3435 oeus
939 3371 978 3434 66
1000 3371 1094 3435 'larse

124 3467 334 3532 od’honorer
348 3466 393 3527 les
410 3463 539 3544 Vierges
560 3481 683 3526 comme
702 3461 915 3524 6666666666
943 3461 1041 3538 Dieu,
1063 3469 1094 3524 et

153 3671 175 3718 r.
192 3665 257 3718 nn.
281 3635 337 3728 ap,
350 3673 371 3712 e.
385 3658 442 3720 66.
458 3657 487 3706 n
499 3655 580 3714 666
596 3654 685 3715 666.
699 3653 737 3716 sa,
752 3659 776 3704 e
790 3653 855 3704 666
871 3655 901 3706 or
913 3670 919 3716 ;
932 3657 987 3716 es,
1000 3667 1012 3704 v
1025 3653 1090 3705 uro.

151 3739 176 3790 Ι.
195 3733 299 3788 Pteleos
315 3731 358 3782 des
373 3729 497 3794 replestis
512 3728 534 3777 16
549 3725 686 3778 i'isitntioe.
