2604 4196
487 273 574 316 uuna
595 269 753 320 36666663.
1048 261 1107 320 5011

167 372 237 431 671.
254 404 292 417 -
308 373 357 432 Vl.
384 371 568 454 Crucifixus.
591 374 634 432 De
653 390 690 432 eo
710 371 753 434 sic
776 371 865 434 habet
885 373 998 435 Bened.
1019 375 1104 448 XIV,

126 459 246 520 Decret.
264 461 449 542 Accepimus,
464 465 501 523 16
513 460 579 540 julii
599 463 675 521 1716
688 479 694 520 :
713 461 828 522 «Nullo
844 462 935 523 modo
950 462 1105 542 patiamini

129 569 145 604 6
165 565 233 608 rem
246 548 379 612 divinam
396 548 502 625 lieri..‚
519 548 575 610 nisi
591 547 760 610 Crucifixus
778 549 857 611 inter
873 550 1053 611 candelabra
1066 551 1106 611 ita

128 657 143 694 6
166 639 354 718 promineat,
370 645 406 702 61
425 637 565 702 sacerdos
582 637 740 700 celebrans
759 657 793 701 ac
811 639 941 720 populus
959 639 1108 701 sacriticio

129 747 145 783 «
166 727 313 790 assistens
323 727 466 791 eumdem
481 727 666 791 crucifixum
683 727 1105 792 16611661666666661616661

129 835 145 872 6
166 817 304 895 possiut3
335 818 417 900 quod
440 817 560 880 evenire
582 816 702 898 nequit,
728 817 752 878 si
775 817 883 894 exigua
910 819 1009 881 sollrm
1032 837 1106 880 crux

128 925 144 961 6
167 905 280 967 minori
298 907 408 969 tabulae
422 905 520 968 defixa
535 905 674 968 fidelibus
688 905 874 968 exhibeatur.
890 928 905 964 n

166 995 272 1077 Imago
290 1003 391 1058 autem
410 995 550 1058 Crucifixi
566 1013 628 1056 non
643 996 807 1076 requiritur
820 1013 891 1058 cum
911 1000 994 1058 tanto
1009 995 1110 1076 rigore

125 1101 162 1144 ac
179 1101 277 1159 crux,
299 1105 368 1165 quae
391 1085 454 1164 jam
480 1105 511 1146 rn
540 1091 675 1146 mentem
695 1090 813 1146 revocat
830 1083 967 1146 sacrilicii
990 1085 1105 1147 cruenti

128 1174 333 1235 memoriam:
359 1174 437 1249 imo,
460 1172 608 1255 quidquid
629 1171 732 1234 dicant
750 1174 909 1250 nonnulli,
925 1175 1106 1254 161166661-

128 1262 343 1324 munissimam
362 1263 561 1338 senteutiam,
577 1263 705 1343 ipsamet
725 1281 797 1324 crux
814 1263 871 1324 sub
885 1263 966 1344 gravi
986 1281 1047 1324 non
1060 1281 1106 1324 re-

130 1351 279 1431 quiritur;
302 1351 384 1414 unde
407 1369 443 1413 ex
467 1349 634 1413 rationabili
655 1354 745 1414 causa
765 1356 863 1433 potest
886 1352 1000 1414 316661
1017 1353 1109 1413 missa

131 1439 288 1503 celebrari.

170 1529 214 1590 Ex
239 1529 451 1593 Coeremonr'ali
474 1530 691 1612 cpiscoporum
711 1529 774 1605 (lib.
793 1535 828 1607 l,
849 1529 1105 1615 6111166166,

133 1619 163 1680 in
177 1615 240 1700 quo
255 1618 340 1682 adest
354 1637 464 1701 magna
483 1625 578 1680 statua
595 1619 648 1680 SS.
666 1617 825 1695 Crucifixi,
841 1637 903 1682 non
923 1626 966 1680 est
985 1637 1106 1680 necesse

132 1712 165 1767 ut
178 1715 308 1788 ponatur
323 1708 381 1770 alia
402 1727 476 1769 crux
491 1706 564 1768 dum
579 1707 747 1769 celebratur
765 1709 873 1784 missa;
890 1707 981 1787 idque
995 1707 1105 1768 contir-

133 1803 249 1859 matum
263 1796 320 1859 fuit
332 1815 386 1878 per
397 1798 560 1859 Decretum
570 1797 602 1857 S.
618 1797 766 1876 congreg.
783 1795 855 1871 itit,
871 1795 1104 1872 16166111663τ

38 1939 40 1944 .
132 1893 160 1948 et
175 1885 256 1948 idem
270 1903 336 1948 esse
348 1885 510 1947 dicendum
520 1883 558 1945 de
572 1883 705 1964 imagine.
719 1883 858 1946 Crucifixi
874 1883 993 1966 depicta
1006 1884 1111 1966 plures

132 1977 218 2037 aiunt
240 1993 278 2036 ex
301 1977 428 2037 Decreta
450 1975 481 2036 S.
492 1973 610 2054 'Congu
627 1992 634 2033 :
655 1979 785 2034 attamen
806 1994 821 2032 n
842 1992 916 2036 crux
933 1993 1022 2055 parva
1036 1992 1106 2035 cum

136 2088 151 2124 6
172 2065 305 2146 imagine
318 2063 457 2128 Crucifixi
474 2081 565 2146 super
577 2063 806 2129 tabernaculum
820 2063 852 2124 in
867 2082 928 2145 quo
941 2071 1108 2127 asservatur

137 2177 151 2214 n
174 2156 227 2216 SS.
244 2156 474 2216 Sacramentum
489 2151 638 2227 incitari,
654 2170 716 2214 non
731 2159 775 2214 631
789 2153 937 2216 3611161663
949 2153 980 2216 16
995 2156 1104 2226 missa,

137 2267 152 2302 6
172 2243 225 2306 366
240 2243 312 2325 poni
329 2243 488 2318 debatalia
504 2261 577 2304 crux
597 2241 628 2302 iu
644 2241 744 2303 medin
757 2242 1018 2305 candelabrorum.
1033 2266 1048 2302 n
1064 2247 1109 2305 lla

133 2335 164 2395 S.
187 2335 351 2414 Congmg„
368 2337 406 2396 16
417 2333 485 2412 iun.
504 2335 591 2394 1663.
617 2333 678 2394 Ν66
698 2350 771 2394 crux
790 2350 846 2394 nec
867 2332 1014 2412 imagines
1036 2342 1109 2396 3661·

135 2423 304 2484 necessario
320 2419 546 2497 benedicenda,
558 2420 645 2502 juxta
658 2421 775 2483 Decret.
792 2423 823 2483 S.
839 2422 872 2484 C.
891 2425 928 2483 11
941 2422 997 2498 jul.
1015 2427 1102 2487 ltot.

172 2513 215 2572 Ex
230 2512 328 2574 Deris.
341 2513 372 2573 S.
389 2513 424 2572 ll.
439 2512 588 2592 congreg.
607 2515 733 2592 113661.
752 2513 841 2586 1857,
856 2509 894 2572 ad
910 2515 980 2588 llll,
1003 2513 1103 2574 «lole-

40 2591 49 2610 '
138 2622 153 2659 n
173 2601 232 2662 rari
248 2599 353 2682 nequit
365 2605 395 2662 61
408 2649 416 2674 ,
431 2605 567 2680 tempore
581 2597 680 2681 missac
694 2605 722 2660 el
737 2597 916 2677 officiorum,
927 2599 1109 2662 candelabra

139 2713 154 2749 6
173 2690 290 2764 altaris,
316 2707 355 2751 ne
373 2689 496 2772 puluere
515 2687 709 2764 sordescant,
730 2688 832 2770 aliquo
851 2688 967 2770 drappo
985 2690 1029 2750 vel
1049 2691 1109 2752 tela

139 2802 153 2838 u
173 2784 373 2862 permaneant
385 2778 490 2840 vestita
507 2797 514 2838 :
533 2777 597 2839 imd
611 2776 675 2856 ipsa
689 2795 764 2838 crux
782 2778 888 2844 eodem
904 2778 995 2839 modo
1009 2777 1104 2841 invol-

139 2891 154 2927 a
172 2875 269 2946 vatur,
285 2867 382 2950 posita
395 2867 452 2928 alia
466 2883 558 2930 crucc
572 2864 691 2926 minore
711 2883 766 2945 pro
779 2884 869 2928 cruce
883 2866 984 2927 altaris
996 2869 1110 2946 prelio--

139 2981 155 3018 r
175 2959 245 3020 siori
261 2958 305 3020 sic
319 2957 447 3020 obtecta.
464 2977 479 3015 n

174 3049 366 3110 ota-vlt.
383 3047 506 3108 Lumen.
529 3048 562 3106 ln
585 3044 732 3120 11616166,
751 3065 781 3126 p.
808 3048 837 3120 1,
856 3045 901 3106 111.
917 3049 972 3120 10,
992 3045 1036 3108 316
1049 3045 1109 3110 ha·

135 3135 244 3200 betur:
265 3138 390 3218 «Super
403 3137 494 3198 altare
514 3135 701 3197 collocentur
717 3133 896 3216 candelabra
913 3137 1019 3197 saltem
1033 3135 1104 3214 duo,

138 3225 307 3288 «candelis
333 3225 484 3302 accensis,
512 3223 584 3286 hinc
605 3231 635 3286 61
661 3225 752 3296 inde,
774 3225 805 3286 in
825 3231 953 3306 utroque
972 3226 1073 3289 lateret
1087 3250 1108 3287 n·

135 3316 256 3378 Certum
278 3320 324 3377 est
343 3313 424 3396 apud
443 3331 549 3375 omnes
572 3314 698 3376 mortale
712 3333 777 3375 esse
795 3313 946 3377 celebrare
960 3315 1025 3378 sinc
1046 3317 1112 3378 ullo

135 3403 265 3480 lumine,
289 3409 323 3466 ut
348 3409 463 3465 constal
491 3421 526 3464 er
552 3423 619 3484 cap.
650 3403 879 3480 Litterarum,
907 3404 952 3466 oe
970 3405 1104 3468 celebrat.

136 3494 242 3567 611336,
255 3493 306 3556 ulii
321 3491 353 3552 in
368 3499 548 3574 perpetuum
565 3492 675 3574 deponi
687 3492 810 3574 iubetur
824 3493 962 3555 sacerdos
976 3495 1026 3574 qui
1042 3496 1116 3558 3166Ι

137 3583 204 3664 ique
224 3589 252 3642 el
271 3581 349 3663 aqud
367 3580 573 3652 sacrificabat;
592 3593 622 3643 ct
639 3581 716 3658 hoc,
739 3581 793 3642 etsi
811 3591 931 3663 urgeret
949 3582 1112 3643 necessitas

136 3670 327 3734 ministrandi
342 3671 502 3745 viaticum;
519 3673 558 3732 ita
572 3672 786 3733 communiter.
800 3705 839 3718 -
849 3679 987 3732 Attamen
1003 3674 1025 3728 si
1044 3679 1109 3748 post

137 3761 398 3824 consecrationem
409 3757 528 3822 deli'ciat
542 3763 664 3835 lumen,
681 3779 737 3822 666
751 3760 884 3822 canneta
898 3759 1012 3838 possint
1028 3773 1108 3815 rcac-
