2604 4196
439 312 532 356 ntum
553 313 710 360 secunous.
1012 301 1069 359 633

122 411 340 490 5161166666,
350 413 434 489 juxta
446 412 580 487 Hitoale,
593 414 745 492 pulsandae
755 420 827 476 sunt
836 412 873 476 ad
882 412 1069 494 repellendas

86 503 281 578 tempestates
293 519 300 559 :
313 499 350 560 ad
366 499 449 562 huuc
463 501 545 563 enim
556 502 651 562 linem
661 549 670 576 ,
680 503 771 564 etiam
785 503 1019 574 benedicuntur,
1035 509 1067 562 ut

86 594 165 667 patet
180 605 217 648 ex
234 588 433 670 Pontificali:
453 612 468 648 1
538 590 761 674 6661161616ᾱί6
783 591 863 652 illius
879 590 1004 652 auribus
1021 589 1064 650 in-

88 697 103 733 1
124 675 264 737 sonuerit
280 677 515 758 populorum...,
532 679 636 760 procul
650 679 853 760 pellantur....
868 677 969 758 lragor
983 697 1069 759 gran·

89 788 103 822 1
123 763 255 837 1116616,
270 765 403 846 procella
413 767 585 842 turbinum,
602 768 734 848 impetus
748 775 978 848 tempestatum:
994 774 1067 828 tem·

88 877 103 910 1
124 859 275 932 perentur
303 853 410 916 infesta
435 856 585 932 tonitrua,
604 863 764 918 ventorum
784 855 877 917 116616
896 855 971 918 liant
990 855 1060 916 salu-

89 967 104 1000 1
125 941 223 1003 briter
245 960 280 1004 ac
304 941 458 1006 moderate
476 963 642 1026 suspensa,
660 952 744 1008 etc...
760 948 838 1008 Ante
859 945 993 1006 sonitum
1006 942 1063 1022 ejus
1167 994 1171 1002 .

92 1053 104 1088 r
125 1030 253 1111 longius
273 1030 444 1112 effugentur
463 1033 557 1113 ignita
573 1033 671 1116 jacula
684 1033 824 1108 inimici,
844 1033 999 1114 percussio
1015 1031 1062 1093 lul-

91 1141 105 1178 1
126 1119 266 1192 1616661,
291 1119 421 1200 impetus
444 1121 600 1202 lapidum,
625 1123 706 1184 laesio
727 1128 957 1203 tempestatum,
978 1126 1035 1182 616.
1052 1141 1066 1178 u

88 1211 120 1269 16
141 1206 378 1270 desuetudinem
397 1217 499 1271 tamen
521 1211 594 1272 66111
605 1211 687 1292 quod
704 1211 734 1272 in
755 1209 930 1292 hujusmodi
944 1210 1070 1270 circum-

87 1297 201 1358 stantis
215 1298 388 1376 agitentur,
407 1307 437 1360 ct
455 1297 512 1360 666
527 1299 616 1360 611616
631 1300 662 1360 16
676 1301 764 1362 certis
776 1299 850 1361 locis
865 1301 881 1359 6
896 1299 1069 1378 Magistrum

87 1384 169 1446 civili
194 1385 382 1464 prohibetur,
411 1387 463 1449 sed
491 1389 615 1450 Statutis
639 1387 818 1450 dioecesanis
845 1388 878 1448 in
906 1387 964 1458 boe
993 1393 1068 1446 stan·

91 1473 170 1536 dum
184 1479 241 1534 est.

132 1561 179 1622 td
199 1561 294 1623 1166111
310 1563 471 1642 profanum
486 1583 539 1644 per
558 1583 590 1626 se
608 1565 721 1646 pulsari
741 1571 899 1646 nequeunt
914 1581 1069 1644 campanae

91 1649 261 1712 benedictae
273 1649 316 1730 (S.
333 1652 366 1713 G,
384 1652 483 1732 Epise.
502 1660 532 1714 et
545 1657 619 1734 lleg.
636 1657 670 1715 31
690 1655 754 1732 jan.
775 1662 804 1716 et
821 1657 963 1716 1816611.
981 1655 1068 1722 l58t,

91 1745 129 1804 29
142 1741 210 1818 jan.
228 1739 318 1822 1616)
334 1761 342 1816 ;
361 1741 412 1802 sed
427 1741 456 1801 id
471 1748 516 1802 est
533 1742 776 1822 intelligendum,
792 1743 908 1803 secluso
921 1757 1069 1801 consensu

93 1827 235 1909 Episcopi
249 1826 293 1910 (S.
312 1833 347 1890 tt.
365 1830 514 1910 congreg.
532 1834 570 1892 10
582 1831 639 1908 jul.
657 1834 748 1907 1638)
762 1850 770 1904 ;
785 1848 855 1890 6661
870 1825 1070 1908 1611666616-

92 1925 147 1978 rat.
167 1918 317 1998 congreg.
341 1917 441 1998 Episc.
465 1924 495 1979 et
512 1919 618 1994 Regul.
639 1922 674 1980 31
697 1920 760 1996 jan.
785 1921 887 1980 1859:
909 1919 1069 1980 1116666-

95 2027 111 2062 u
131 2023 227 2068 sensu
248 2006 389 2088 Episcopi
411 2025 567 2088 campanae
584 2006 749 2068 6666111616
768 2007 880 2088 pulsari
895 2011 1021 2087 possunt
1034 2009 1070 2066 ad

95 2115 111 2151 1
132 2113 209 2156 usus
223 2094 377 2174 profanos,
392 2095 430 2156 ad
445 2115 522 2176 quos
535 2115 596 2158 666
612 2103 780 2177 sequuntur
791 2115 889 2158 causae
903 2095 1069 2174 sanguinis,

94 2203 111 2239 1
132 2189 164 2244 61
181 2183 351 2264 praesertim
365 2184 389 2244 si
406 2186 631 2246 communitatis
646 2185 786 2264 expensis
803 2191 983 2246 constructae
1003 2183 1070 2246 lue-

95 2293 112 2329 «
132 2272 216 2344 rint,
232 2272 427 2352 quantumvis
441 2273 497 2334 1616
519 2274 569 2352 jus
591 2292 652 2334 666
673 2273 730 2333 sibi
748 2279 936 2334 reservasset.
951 2294 966 2331 6
983 2272 1070 2335 Unde

93 2359 208 2440 pulsari
229 2365 406 2441 nequeunt,
431 2361 520 2422 611661
542 2361 580 2422 116
596 2379 747 2422 consensu
767 2362 926 2442 Episcopi,
941 2360 979 2421 ad
992 2361 1070 2421 dan-

91 2449 168 2510 dum
191 2449 315 2529 signum
335 2448 504 2510 decollandi
518 2450 671 2530 aliquem,
688 2449 874 2510 convocandi
894 2447 931 2510 ad
946 2467 1028 2508 61616
1043 2458 1069 2509 st

94 2555 247 2618 pugnam,
266 2543 337 2611 616,
362 2537 418 2598 nisi
443 2538 600 2618 pulsentur
614 2538 652 2599 ad
671 2537 858 2599 monendum
873 2537 1019 2618 populum
1039 2547 1071 2598 ut

92 2632 182 2688 61661
196 2643 253 2707 pro
263 2625 307 2687 rei
321 2626 443 2701 661166,
459 2627 504 2688 vel
521 2627 577 2688 uisi
591 2627 628 2688 sit
643 2627 842 2706 pugnandum
853 2633 955 2688 contra
969 2625 1063 2686 Eccle·

94 2715 145 2778 siae
167 2715 282 2777 hostes.
298 2715 403 2795 Excipi
418 2715 505 2776 etiam
521 2717 633 2777 1166661
646 2734 732 2777 casus
747 2734 875 2776 summae
890 2716 1071 2776 necessitatis

93 2804 145 2866 cui
162 2811 283 2866 cunctae
304 2810 412 2883 parent
430 2803 529 2882 teges:
546 2824 575 2865 v.
594 2802 1071 2885 3.,16616611,166611611661161

95 2893 264 2954 similium:
292 2891 331 2952 de
353 2910 504 2954 consensu
527 2899 628 2953 autem
651 2891 791 2971 Episcopi
815 2891 926 2971 pulsari
946 2899 1071 2970 possunt

95 2999 253 3063 campanae
266 2979 305 3041 ad
319 2981 564 3062 congregandam
579 2980 826 3042 communitatem
841 2979 878 3040 ad
895 2979 1068 3055 consilium,

96 3069 133 3130 ad
147 3068 344 3131 indicandam
358 3069 464 3131 horam
478 3070 626 3132 discessus
639 3069 799 3150 vespertini
818 3069 979 3148 (retmite),
993 3076 1069 3144 ¹etc.;

97 3157 120 3217 si
131 3165 233 3220 161666
242 3156 410 3220 666666161
421 3177 576 3237 campanae
589 3177 651 3220 666
666 3157 950 3238 benedictae,potiirs
962 3157 1024 3220 istae
1039 3159 1069 3220 in

99 3245 205 3310 talibus
220 3246 340 3308 casibus
355 3255 425 3308 sunt
440 3246 627 3309 adhibendae.

136 3336 186 3398 Sic
200 3343 304 3397 autem
317 3333 443 3397 habetur
455 3337 485 3396 in
498 3335 576 3417 Lege
588 3336 767 3418 organicum
779 3339 840 3396 Art.
855 3340 904 3398 18.
916 3338 1069 3419 L’Evequc

101 3441 168 3486 «se
191 3432 369 3486 conuertere
392 3442 465 3486 avec
488 3426 514 3486 le
537 3425 634 3486 Prefet
657 3443 733 3504 pour
761 3425 858 3506 regler
884 3425 911 3486 la
938 3430 1069 3491 muniere

102 3509 291 3593 od’appeler
316 3512 358 3573 les
384 3512 488 3573 fideles
510 3531 549 3574 au
572 3514 684 3574 service
710 3512 791 3573 divin
817 3531 870 3594 par
888 3513 916 3575 le
942 3533 996 3577 son
1019 3517 1070 3580 des

102 3617 118 3654 1
136 3601 256 3662 6166666
270 3621 278 3671 ;
294 3618 335 3661 66
350 3619 388 3662 66
409 3619 520 3682 pourra
535 3602 577 3662 les
590 3619 702 3662 sooner
716 3619 785 3662 sans
800 3603 827 3662 la
839 3605 1018 3682 permissicn
1033 3605 1070 3665 de

104 3705 117 3740 1
137 3686 164 3749 16
178 3689 275 3769 police
287 3688 418 3750 locale.»

139 3784 216 3844 llum
227 3784 354 3845 articulo
365 3791 409 3846 sat
422 3802 574 3847 consonus
586 3783 703 3848 videtur
711 3792 767 3848 art.
777 3789 791 3846 1
801 3786 980 3846 0666611166
993 3789 1062 3846 1801
