2574 4198
187 330 246 387 678
459 326 610 382 aestiuum
631 335 713 380 sums
734 334 881 381 canonici.

193 457 207 492 e
228 437 268 496 Le
281 438 353 514 juge
370 433 594 513 ecclesiastique
617 431 695 501 doit,
712 449 749 491 en
773 431 970 506 conscience,
987 434 1167 510 pourvoirl

189 544 209 579 a
230 523 256 582 la
271 522 456 582 subsistanee
470 521 510 582 du
525 520 711 593 condamnd3
728 524 773 593 et,
787 518 832 580 s'il
847 537 878 580 sc
894 518 991 580 reluse
1009 521 1025 580 a
1048 539 1084 583 ce
1106 523 1164 585 de-

194 632 208 668 n
229 611 292 671 voir
305 610 343 670 de
356 610 463 688 justice
476 657 483 683 ,
498 609 517 669 il
532 615 605 692 peut
619 628 637 690 y
649 611 713 672 elce
736 606 885 670 contraint
907 625 961 688 par
982 626 1039 670 son
1063 611 1168 694 Supe-

194 717 352 761 armnr.»
433 723 435 727 ·

230 790 298 850 810.
317 822 354 834 -
369 789 417 848 lll.
434 785 478 848 De
489 785 682 866 depositione:
698 785 762 846 ttae
776 802 869 859 voce,
885 783 916 845 in
932 803 1022 848 sensu
1043 786 1167 864 latiori,

192 895 252 937 non
276 877 374 938 solium
398 875 545 956 depositio
565 873 685 955 proprie
704 873 781 936 dicta
802 873 853 935 sed
874 873 963 934 eliam
987 875 1170 957 degradatio

191 964 364 1044 designatur
377 1012 384 1041 ,
396 970 426 1025 el
438 964 470 1024 in
483 963 540 1024 hoc
554 981 656 1036 sensu,
674 960 740 1024 haec
750 981 806 1023 vox
821 959 985 1023 identidem
1001 973 1168 1044 usurpatur

193 1055 221 1112 in
236 1053 402 1114 canonibus
418 1051 583 1132 praesertim
598 1049 758 1112 veteribus.
774 1050 882 1112 Stricte
898 1057 997 1112 aulem
1014 1052 1170 1116 intellecta

191 1140 389 1220 depositio'est
395 1159 480 1220 poenu
492 1140 630 1200 clericum
639 1140 765 1220 privans
774 1139 806 1199 r'n
818 1140 1068 1222 perpetuumjure
1077 1161 1166 1203 ecer-

192 1227 276 1289 cendr'
296 1227 461 1308 [unctiones
479 1227 526 1288 sui
548 1227 663 1287 ordinis
685 1234 738 1287 unt
764 1226 914 1307 benefin'i;
941 1227 1067 1290 ciericos
1092 1233 1169 1310 crgd

191 1315 381 1378 solummodo
396 1316 486 1378 allicit
499 1316 563 1377 haec
577 1334 679 1395 poena3
702 1313 806 1395 eique,
819 1314 844 1376 si
853 1316 892 1379 sit
905 1317 1002 1377 totalis
1016 1366 1024 1390 ,
1050 1337 1166 1382 anneo-

193 1402 263 1463 titur
277 1402 414 1477 infamia3
428 1404 536 1464 etclrm
547 1403 577 1462 in
594 1407 772 1481 perpetuum
787 1399 880 1481 privet
893 1402 1035 1462 exercitio
1049 1404 1170 1468 ordinis

191 1498 219 1551 et
233 1490 337 1564 officii,
353 1491 521 1552 necessario
535 1491 632 1571 privat
644 1489 733 1550 etiam
749 1487 904 1550 beneficiis
917 1490 1084 1570 acquisitis,
1095 1513 1167 1574 quae

193 1597 251 1642 non
267 1579 377 1640 dantur
392 1579 447 1640 nisi
464 1586 586 1660 propter
599 1577 743 1641 officium.

229 1668 333 1730 Diffcrt
349 1673 381 1729 l⁰
396 1671 411 1730 a
427 1668 591 1748 privatione
605 1685 673 1747 quae
686 1665 784 1728 solirm
795 1665 826 1728 in
834 1667 896 1746 jam
907 1666 1053 1746 acquisita
1064 1669 1169 1733 officia

191 1765 239 1820 aut
254 1757 414 1830 beneficia,
431 1763 502 1832 etc,
518 1755 607 1816 cadit.

228 1847 332 1907 Dillert
347 1849 379 1906 2⁰
393 1848 409 1905 a
424 1844 621 1925 suspensione
635 1843 666 1904 in
681 1843 809 1923 edquod
822 1843 980 1923 suspensio
993 1844 1088 1907 soleat
1099 1866 1167 1911 esse

191 1953 278 2013 poena
293 1933 496 2003 medicinalis,
513 1950 549 1993 ae
563 1931 690 2012 proinde
703 1933 882 2012 temporaria
895 1951 931 1993 ex
949 1949 996 2006 se,
1012 1932 1089 1995 dum
1110 1937 1164 1999 de·

192 2022 296 2100 positio
309 2040 345 2082 ex
360 2024 466 2081 natura
480 2023 532 2082 suli
553 2027 596 2080 est
616 2038 736 2101 semper
753 2019 929 2081 vindicativa
953 2027 982 2080 et
1002 2029 1162 2102 perpetua.

229 2108 334 2170 Differt
353 2111 385 2169 3ο
408 2111 424 2168 a
440 2108 653 2188 degradatione
671 2108 798 2181 verbali,
825 2108 856 2170 in
879 2127 916 2170 eo
934 2108 1034 2169 solirm
1055 2113 1163 2191 qudd,
1275 2127 1276 2132 ’

191 2204 255 2276 post
269 2197 505 2278 depositionem,
521 2215 582 2257 non
601 2203 698 2278 potest
717 2196 839 2278 procedi
858 2197 894 2257 ad
913 2196 1164 2278 degradationem

191 2285 298 2346 realem
315 2304 365 2345 seu
379 2285 556 2355 solemnem,
568 2285 641 2345 dum
657 2285 687 2346 id
700 2284 764 2346 lieri
777 2291 874 2366 potest
884 2290 953 2366 post
970 2285 1164 2366 degradatio·

189 2391 258 2434 nem
273 2373 432 2434 verbalem.

227 2463 380 2542 Depositio
393 2462 507 2522 aliaest
522 2461 624 2522 totalis
636 2464 696 2542 qutl
710 2479 780 2523 reus
795 2461 927 2542 privatur
942 2465 1025 2524 omni
1038 2467 1161 2545 ordine,

189 2551 354 2623 ueneficio,
384 2549 482 2610 officio
500 2556 529 2610 et
545 2547 709 2627 dignitate3
733 2549 790 2610 alia
809 2551 881 2610 verd
901 2552 1065 2631 partialis,
1091 2575 1163 2638 quae

188 2656 249 2698 uno
263 2638 308 2699 vel
323 2638 473 2717 aliquibus
487 2638 572 2698 exiis
585 2638 701 2698 tantum
718 2639 873 2718 exspoliat.

226 2729 293 2788 Non
308 2726 469 2787 incurritur
482 2725 630 2805 depositio
653 2725 710 2786 nisi
728 2734 848 2807 propter
871 2728 999 2790 crimina
1020 2735 1162 2798 enormia

186 2819 251 2878 tum
265 2833 303 2876 ex
318 2832 349 2876 se
363 2821 426 2876 tum
441 2813 481 2876 ob
495 2813 670 2874 scandalum
686 2813 766 2894 quod
780 2816 919 2895 gignunt,
934 2817 1017 2878 velut
1030 2819 1159 2886 homici-

186 2902 270 2966 dium
296 2903 497 2964 voluntarium
519 2920 588 2964 cum
612 2901 845 2978 machinatione,
865 2904 1067 2983 adulterium,
1093 2916 1161 2974 stu-

186 3011 286 3074 prum,
300 2992 456 3053 lornicatio
468 2991 603 3062 notoria,
617 2990 674 3050 vita
689 2991 864 3053 seandalosa
878 2993 978 3056 clerici
994 2996 1158 3082 incorrigi-

186 3077 275 3143 litem
297 3099 328 3141 se
343 3077 537 3139 ostendentis.
556 3075 698 3138 Prudenti
713 3080 785 3140 verd
808 3080 918 3158 judicis
943 3082 1157 3151 existimationi

192 3167 446 3230 leterminandum
462 3164 640 3244 relinquitur
654 3182 692 3226 an
706 3165 783 3228 dicta
798 3169 924 3231 crimina
938 3189 1008 3231 eam
1025 3176 1156 3253 gravita-
1268 3225 1269 3230 ,

187 3266 244 3316 tem
259 3256 387 3316 habeant
401 3272 469 3334 quac
482 3257 572 3334 poene
585 3253 780 3334 depositionis
793 3257 829 3317 sit
845 3258 1011 3337 plectenda.

222 3356 292 3415 811.
304 3383 342 3398 -
357 3353 406 3412 lv.
423 3351 467 3414 De
477 3349 704 3429 depredatione:
720 3353 898 3432 Degradatio
911 3365 953 3418 est
964 3377 1049 3438 poenu
1064 3362 1157 3426 eccle·
1267 3367 1268 3372 ’

184 3439 302 3501 siustr‘ea
313 3438 371 3520 qud
382 3437 504 3500 clericus
519 3438 621 3500 ordine
631 3448 661 3499 et
672 3460 788 3502 munere
799 3441 941 3518 clericali,
952 3461 1157 3527 consequenter
1266 3513 1267 3518 ,

183 3529 271 3590 etium
284 3528 366 3589 omni
383 3527 520 3608 beneficio
539 3537 566 3589 et
588 3527 709 3608 officio,
725 3547 835 3592 necnon
854 3529 1017 3615 prr'ur'lepio
1037 3535 1105 3616 suri
1125 3549 1155 3602 et

183 3617 311 3692 cunonis,
322 3635 380 3698 per
392 3615 564 3677 sententium
588 3615 755 3678 solenniter
774 3627 802 3678 et
822 3619 990 3684 authentice
1008 3626 1154 3705 privatur

183 3715 208 3764 rt
229 3703 362 3766 traditur
379 3707 471 3766 cura'oe
488 3703 634 3765 soeculuri.
658 3705 719 3765 Silii
743 3724 891 3768 annexam
916 3707 1004 3770 habet
1030 3731 1152 3789 pronam

185 3810 323 3854 rnranrau.
