2552 4204
491 289 576 334 cinca
596 288 728 334 vannus.
802 335 804 338 ,
1043 271 1099 332 ill

165 413 181 449 o
201 391 234 452 3⁰
247 389 286 453 ut
299 387 345 450 vel
359 386 397 449 de
406 404 438 449 sa
448 387 495 448 vel
504 384 542 448 da
556 385 622 447 aliis
632 402 776 467 personas
782 385 943 449 consulant
949 383 1001 448 illo
1011 384 1106 448 modo

125 502 141 539 ι
164 477 398 561 magnetizatas;
1092 471 1095 502 ³

168 573 240 630 rto
262 568 302 631 ut
327 583 425 628 unum
448 563 487 627 de
509 563 605 626 tribus
629 561 780 644 predictis
803 563 979 644 suscipiant,
1004 566 1103 632 hrbitt

84 687 87 691 ·
127 681 143 716 u
163 657 252 739 pribs
266 652 393 731 cautela,
407 652 573 716 formaliter
585 669 623 714 ex
638 651 741 713 animo
764 652 957 716 renuntiandi
982 657 1106 722 cuilibet

128 768 145 807 u
166 745 317 808 diabolico
330 749 417 826 pacto
432 741 572 823 explicito
586 739 632 803 vel
647 739 812 820 implicito,
827 742 911 802 omni
927 744 1017 808 etiam
1028 753 1104 808 sata-

129 857 146 894 u
166 830 488 906 nicaeinterventioni3
500 828 714 911 quoniembbc
730 847 792 891 non
804 827 1107 908 obstantecautione‚

130 946 146 982 u
166 925 185 986 b
212 920 370 984 nonnullis
388 937 426 982 ex
450 919 651 1000 magnetismo
671 915 867 996 huiusmodi,
883 918 930 981 vel
955 919 1048 983 iidem
1062 923 1105 984 vel

131 1035 146 1070 u
167 1011 283 1092 aliquot
297 1009 422 1072 effectus
432 1008 546 1070 obtenti
556 1009 619 1087 iam
627 1005 762 1068 luerunt.
783 1028 799 1064 a

166 1101 242 1162 Haec
269 1106 370 1162 autem
396 1097 452 1160 luit
477 1096 634 1178 responsio
659 1095 691 1158 S.
717 1095 952 1161 Poenitentiariae
981 1119 989 1160 ε
1015 1099 1110 1160 Sacra

132 1212 148 1248 u
168 1185 407 1263 Paenitentiam,
424 1187 542 1249 mature
569 1185 727 1268 perpensis
745 1185 900 1266 expositis,
917 1187 1108 1270 responden-

132 1301 147 1338 α
168 1276 245 1340 dum
259 1283 361 1340 censet
375 1281 464 1357 prout
487 1274 649 1357 respondet
666 1294 673 1336 :
689 1293 772 1337 usum
797 1276 998 1364 moenetiami,
1014 1282 1106 1358 prout

132 1389 147 1426 a
168 1366 201 1429 in
216 1384 288 1428 casu
299 1365 471 1447 exponitur,
486 1383 549 1427 non
564 1366 665 1428 licere.
675 1367 785 1426 Datum
796 1365 902 1428 Romae
916 1366 949 1428 in
964 1367 996 1429 S.
1008 1366 1110 1428 Poeni-

132 1478 148 1516 α
169 1454 321 1532 tentiaria‚
342 1454 391 1516 die
406 1457 420 1515 l
435 1453 492 1534 iul.
510 1456 598 1517 l8ll.
613 1451 701 1516 Gard.
718 1455 896 1515 Gastracane
912 1456 956 1518 M.
974 1457 1029 1532 P.;
1052 1454 1106 1516 Ph.

132 1542 305 1606 uPamelia
330 1543 362 1606 S.
389 1543 424 1604 Ρ.
454 1543 678 1605 secretarius.»
697 1539 772 1603 Vide
792 1541 825 1602 in
847 1543 980 1606 Manuali
1004 1541 1112 1624 (625³)

128 1633 247 1695 litteras
260 1631 292 1693 S.
309 1630 515 1712 Inquisitionis
528 1634 548 1692 l
559 1649 629 1710 aug·
643 1632 733 1692 1856.

170 1722 239 1784 Non
253 1718 371 1782 videtur
393 1727 495 1782 tamen
512 1737 549 1780 ex
563 1718 610 1779 his
623 1717 734 1780 debere
759 1719 901 1782 concludi
927 1719 1111 1782 diabolicum

128 1828 196 1874 esse
217 1807 347 1890 simplex
368 1807 675 1870 somnambulismum
698 1807 904 1889 magneticum
919 1825 973 1890 per
987 1809 1110 1889 gesticu-

127 1898 259 1960 lationes
273 1903 325 1959 aut
339 1904 497 1977 aspectum
525 1895 695 1972 inductum,
711 1897 766 1958 etsi
794 1897 832 1958 inv
854 1897 911 1960 boc
939 1901 1016 1958 statu
1034 1896 1110 1957 adsit

130 1985 273 2069 quaedam
299 1984 535 2048 extraordinaria
551 1984 722 2066 proclivitas
736 1984 881 2067 loquendi
897 1985 935 2047 de
949 1983 1038 2047 variis
1051 1984 1110 2046 ob·

130 2075 234 2158 jectis,
247 2072 339 2137 modo
353 2074 431 2140 intra
443 2073 593 2155 sphaeram
613 2073 824 2155 cognitionum
839 2073 1023 2136 naturalium
1035 2091 1108 2136 con-

130 2163 274 2227 lineatur.

170 2250 278 2332 Colligi
293 2268 328 2313 ex
340 2249 387 2312 his
401 2255 504 2314 tamen
520 2255 616 2331 potest
634 2250 708 2333 quid
722 2251 760 2314 sit
774 2252 966 2316 sentiendum
981 2252 1019 2314 de
1041 2253 1105 2332 spi-

130 2341 261 2414 ritismo,
272 2357 328 2402 seu
341 2338 379 2401 de
393 2339 450 2402 blo
472 2341 551 2401 nova
566 2342 658 2415 secte,
673 2340 736 2420 jam
749 2341 839 2421 longe
855 2342 977 2422 lateque
991 2345 1106 2421 sparsa,

129 2448 199 2512 quae
208 2427 376 2509 stupendos
389 2427 514 2490 effectus
528 2429 647 2510 magiae,
656 2429 921 2492 somnambulismi
933 2430 1106 2508 magnetici

129 2517 303 2582 tabularum
316 2517 486 2598 gyrantium
497 2517 782 2599 verberantiumque
795 2516 901 2578 tribuit
916 2517 1107 2591 interventui,

130 2624 194 2669 non
209 2604 333 2683 diaboli,
343 2604 396 2668 sed
410 2605 572 2686 spirituum
586 2605 652 2686 qui,
666 2607 750 2684 iuxta
762 2603 936 2686 hujusmodi
951 2609 1112 2668 sectatores

129 2713 193 2758 non
209 2693 260 2757 alii
269 2699 369 2756 essent
378 2693 588 2776 quamanimae
595 2693 737 2756 humanae
746 2693 793 2756 vel
803 2693 939 2756 nondum
949 2692 1112 2756 incarnatae

128 2783 176 2846 vel
187 2783 254 2864 jam
267 2783 423 2846 bvinculis
436 2783 573 2864 corporis
584 2784 630 2844 sui
643 2782 761 2845 solutae.

170 2875 220 2934 An
234 2876 264 2934 et
280 2872 435 2956 quomodo
449 2872 512 2934 tolli
528 2875 650 2952 possent
662 2870 839 2934 maleficia?
863 2874 907 2934 De
921 2872 980 2934 hoc
992 2870 1059 2934 vide
1073 2873 1102 2935 S.

129 2960 270 3043 Liguor„
281 2959 333 3024 lib.
351 2963 382 3036 3,
400 2961 440 3022 nl
456 2965 494 3022 al
510 2967 539 3022 et
552 2965 603 3023 25.

170 3053 242 3115 906.
266 3050 388 3122 Quaerit.
404 3055 439 3112 4⁰
458 3053 604 3122 Quaenam
620 3049 681 3112 sint
699 3067 797 3132 poenae
820 3054 926 3112 contra
945 3049 1109 3130 magiamb

130 3140 225 3202 sacris
240 3140 410 3203 senonibus
425 3139 520 3203 latae?

171 3227 264 3310 Resp.
287 3228 438 3292 Maleficos
464 3230 618 3293 incurrere
639 3234 670 3292 l·
693 3227 1045 3293 excommunicationem
1072 3249 1109 3291 er

131 3333 200 3399 cap.
216 3315 252 3380 St
266 3319 333 3400 quis
351 3318 473 3396 ariolos,
485 3338 576 3382 causa
590 3323 641 3396 26,
655 3340 686 3402 q.
700 3323 734 3396 5,
748 3317 923 3382 ubidicitur
939 3337 946 3380 :
968 3339 984 3377 a
997 3317 1028 3380 Si
1042 3319 1111 3400 quis

135 3406 294 3487 «ariolos,
318 3407 506 3491 haruspices,
528 3408 575 3471 vel
599 3410 801 3472 incantatores
822 3406 1037 3483 observaverit,
1058 3416 1109 3470 aut

136 3517 151 3558 ι
173 3496 380 3578 philacteriis¹
405 3517 478 3562 usus
499 3498 606 3576 luerit,
642 3497 802 3560 anathema
823 3497 871 3559 sit.
893 3517 910 3557 u
934 3498 1108 3580 Disputatur

165 3715 174 3745 ¹
189 3710 340 3764 Philostrato
360 3711 476 3764 dieantur
495 3710 536 3762 hle
553 3709 644 3761 charta
659 3706 684 3759 in
702 3708 793 3774 quibua
816 3709 976 3762 continentur
993 3708 1107 3759 incenta-

134 3782 223 3836 lionea.
234 3782 269 3832 lta
282 3782 377 3836 Glossa.
