2552 4204
176 307 237 364 'llll
449 313 599 360 maxema
619 311 700 356 ruars
720 309 868 355 canonici.

175 418 256 566 pona
269 417 328 478 fide
342 424 483 496 accepta,
497 415 566 497 quia
582 416 612 476 in
625 415 682 476 hoc
696 432 768 476 casu
780 413 913 475 Ecclesia
927 417 1046 497 supplet
1054 419 1144 497 juris·

197 507 349 567 xctionem.

216 607 284 665 841.
308 603 428 676 Quaerit.
460 606 511 664 ll⁰
530 604 577 662 An
607 600 659 682 qui
690 599 820 664 obtinuit
851 608 1029 681 potestatem
1051 604 1149 668 absol-

177 692 263 754 vendi
280 694 296 754 t
310 690 428 753 casibus
442 692 592 772 Episcopo
607 692 776 765 reservatis,
791 689 901 752 habeat
914 709 951 753 eo
965 691 1032 773 ipso
1047 701 1151 775 potes-

178 787 269 841 tatem
282 782 299 841 'a
314 779 450 842 censuris
460 781 496 841 iis
509 777 628 841 casibus
642 779 767 840 annexis
781 777 983 841 absolvendi?

219 881 308 958 Resp.
333 877 364 940 Si
388 883 494 957 agatur
511 875 549 938 de
565 875 892 952 excommunicatione,
908 877 960 957 qui
975 883 1154 958 potestatem

182 967 287 1045 accipit
299 964 472 1028 absolvendi
488 967 504 1026 l
519 964 639 1027 casibus
652 963 809 1027 reservatis
823 982 860 1026 eo
873 968 939 1046 ipso
954 965 1088 1029 obtinuit
1101 987 1154 1050 po-

181 1063 315 1116 testatem
329 1053 502 1116 absolvendi
524 1054 562 1114 ab
576 1052 889 1116 excommunicatione
907 1053 943 1116 iis
956 1054 1078 1118 casibus
1093 1058 1156 1136 ipso

181 1143 258 1205 lacto
273 1144 413 1205 annexa:
429 1143 503 1204 ratio
518 1148 564 1204 est
576 1141 648 1222 quia
665 1142 799 1224 alioquin
814 1160 876 1204 non
892 1150 992 1222 posset
1005 1145 1023 1204 a
1037 1145 1156 1207 casibus

181 1233 253 1314 ipsis
269 1234 426 1294 reservatis
439 1231 611 1308 absolvere,
626 1232 698 1294 cum
719 1250 800 1294 unus
815 1249 853 1293 ex
866 1232 1024 1295 effectibus
1037 1251 1157 1297 excom·

182 1317 396 1386 manicationis
411 1320 448 1382 sit
462 1319 608 1401 impedire
622 1322 829 1402 receptionem
843 1328 1116 1385 sacramentorum.

223 1419 253 1480 Si
264 1420 335 1481 verb
348 1425 453 1500 agatur
467 1417 505 1480 de
519 1419 718 1500 suspensione
729 1425 781 1481 aut
795 1417 965 1495 interdicto,
975 1419 1028 1500 qui
1041 1421 1157 1503 accepit

183 1508 221 1570 ab
235 1510 384 1590 Episcopo
404 1513 580 1589 potestatem
595 1506 769 1570 absolvendi
783 1509 800 1567 l
819 1507 937 1569 casibus
952 1511 1113 1572 reservatis
1127 1511 1157 1572 in

184 1595 325 1676 dioecesi,
339 1615 401 1659 non
417 1597 485 1659 idcd
494 1597 609 1677 accepit
620 1601 795 1677 potestatem
810 1595 984 1658 absolvendi
1000 1597 1016 1658 d
1030 1615 1158 1679 suspen·

184 1687 320 1748 sionibus
343 1693 394 1749 aut
413 1686 578 1748 interdictis
597 1685 632 1746 ris
651 1684 769 1747 casibus
786 1684 862 1746 torte
883 1685 1029 1761 artnexis,
1045 1691 1077 1746 et
1092 1706 1158 1767 quae

185 1783 284 1837 essent
305 1783 471 1847 reservata,
494 1775 550 1836 nisi
574 1772 757 1835 contrarium
773 1773 811 1834 ab
822 1772 981 1835 ordinario
994 1771 1156 1839 diceretur.
1263 1787 1264 1796 ²

186 1866 270 1926 Ratio
284 1871 328 1926 est
344 1864 416 1946 quia
435 1863 482 1926 bae
502 1864 571 1925 duae
587 1881 723 1924 censurae
743 1880 807 1923 non
826 1861 998 1941 impediunt
1015 1865 1158 1944 receptio

187 1972 257 2015 nem
271 1952 452 2015 sacramenti
463 1953 795 2034 prenitentes-Saeua
807 1956 852 2012 est
862 1949 1026 2012 dicendum
1035 1953 1158 2032 quando

186 2041 338 2104 obtinetur
351 2043 369 2103 t
383 2043 414 2104 S.
431 2040 508 2102 Sede
527 2045 657 2122 potestas
673 2038 845 2105 absolvendi
867 2038 1024 2102 irensibus,
1040 2039 1098 2121 ipsi
1113 2060 1155 2105 re·

187 2131 320 2206 servatis,
335 2131 371 2194 ed
385 2129 469 2212 quod
481 2147 568 2192 casus
586 2147 647 2191 non
662 2134 851 2190 reserventur
865 2129 924 2190 as.
942 2127 1031 2206 Sede,
1049 2129 1107 2190 nisi
1121 2130 1158 2192 ob

187 2235 330 2280 censuras
343 2217 386 2282 eis
400 2236 549 2292 annexas3
565 2217 647 2280 unde
662 2224 791 2297 potestas
802 2215 901 2278 datad
917 2216 1027 2278 talibus
1040 2218 1158 2280 casibus

188 2305 361 2368 absolvendi
387 2312 432 2368 est
454 2307 605 2389 praecipue
630 2305 755 2370 facultas
779 2304 953 2368 absolvendi
978 2306 997 2369 t
1024 2306 1159 2370 censuris
1262 2309 1263 2314 ’

189 2412 260 2474 rpsrs
274 2412 410 2460 annexis.

597 2567 689 2628 ART.
712 2566 753 2630 11.

449 2745 453 2752 ·
480 2727 517 2775 ER
538 2728 676 2775 GENSURIS
696 2729 728 2774 ΙΝ
748 2727 857 2777 8ΡΕ61Β.

641 2911 700 2991 51.

480 3070 524 3135 De
546 3071 869 3136 Eecomrnunicutiune.

230 3247 298 3310 eta.
322 3235 598 3304 Eccommunicctio
611 3243 654 3296 cst
666 3254 786 3296 conara
799 3255 854 3316 per
866 3254 954 3317 qaum
972 3233 1160 3301 Christianus
1260 3227 1261 3240 ¹

190 3338 329 3420 privatur
338 3327 539 3392 communione
549 3323 701 3398 Ecclesiae,
710 3343 758 3386 seu
770 3324 851 3386 bonis
861 3325 954 3406 ipsius
962 3327 1160 3389 communibus

190 3431 332 3509 quatenus
350 3425 419 3481 sunt
442 3416 590 3478 uinculum
611 3413 728 3474 unionis
749 3414 883 3496 fidelium
909 3415 988 3475 inter
1011 3433 1051 3478 se.
1080 3413 1162 3478 Sicut

192 3513 273 3578 enim
287 3509 375 3572 bonis
393 3511 423 3569 et
443 3503 610 3567 commodis
627 3502 774 3564 societatis
788 3503 940 3565 saecularis
953 3503 1027 3565 civis
1040 3503 1160 3584 spoliari

192 3608 288 3689 potest
311 3602 432 3681 propter
455 3610 509 3656 sua
530 3591 663 3668 scelera,
684 3591 723 3652 ita
744 3591 831 3652 bonis
853 3591 1075 3672 spiritualibus,
1095 3609 1161 3674 quae

192 3690 324 3756 Ecclesia
354 3682 499 3747 membris
525 3679 587 3742 suis
613 3681 838 3742 communicare
860 3680 953 3758 valet,
982 3680 1161 3744 christianus
1259 3695 1260 3750 t

194 3787 290 3846 retest
298 3777 408 3853 orbari,
422 3771 492 3837 'silis
501 3788 533 3833 se
543 3768 702 3850 indignum
713 3769 816 3832 reddat
827 3775 947 3851 propter
960 3768 1160 3833 suecrimina.
