2590 4208
154 264 156 274 A
205 182 245 244 68
477 195 631 243 acaunum
650 193 734 242 rnnrs
754 191 900 239 ornemur.

201 328 217 368 r
243 307 347 386 regula
363 316 409 370 est
424 313 460 370 ut
474 304 655 370 ordinarius
669 286 778 366 earum
793 304 1002 370 conl'essarius
1016 305 1057 370 sit
1072 325 1177 371 sacer-

202 419 217 454 ι
242 394 300 459 dos
324 395 480 460 saecularis
501 417 531 456 r.
555 392 705 457 Subdunt
721 392 805 454 enim
833 393 985 458 moniales
1004 395 1176 478 episcopali

200 483 408 561 jurisdictioni
445 491 541 566 prout
567 482 668 546 caeteri
701 480 808 545 fideles
844 483 975 562 quando
1008 501 1076 548 non
1105 494 1176 549 sunt

200 583 365 652 exemptae.
438 581 441 585 '

243 659 331 724 tote.
347 661 581 726 consuetudine
595 659 812 724 introductum
826 661 970 744 estquod
983 662 1024 726 ab
1039 663 1175 746 Ordina-

202 749 250 812 rio
264 751 357 813 etiam
371 751 530 833 pendeant
542 748 647 832 quoad
660 747 815 830 quosdam
831 757 918 812 actus
933 751 1174 828 dominationis,

202 838 360 918 graviores
382 859 498 922 nempe
521 836 811 902 administrationis.
837 838 929 901 Nulla
954 839 986 902 in
1002 841 1067 904 boc
1090 840 1177 905 adest

202 926 368 992 difficultas
388 928 518 1009 qnando
541 935 715 991 conventus
735 925 776 988 ab
797 925 857 988 alio
879 945 943 990 non
962 928 1102 1010 pendet;
1123 929 1175 992 sed

202 1015 227 1077 si
249 1016 386 1098 generali
401 1017 620 1099 Superiorissae
640 1013 770 1092 subdat,
787 1014 886 1076 multa
901 1017 985 1078 mala
1005 1017 1082 1079 oriri
1098 1035 1176 1099 pns-

200 1113 271 1168 rent
292 1107 316 1168 si
337 1107 467 1187 singulae
489 1106 603 1169 domus
624 1105 719 1167 unius
739 1111 770 1166 et
791 1102 931 1185 ejusdem
953 1105 1090 1168 instituti
1116 1106 1175 1184 ab,

197 1205 396 1276 unoquoque
417 1195 588 1276 respective
613 1191 778 1258 Ordinario
801 1201 994 1272 regerentur.
1024 1195 1178 1259 Deficeret

202 1283 286 1346 anim
298 1291 373 1346 tunc
382 1284 542 1364 regiminis
558 1283 674 1346 unitas'.
685 1281 802 1344 Revera
815 1283 986 1365 unicuique
1000 1286 1177 1366 respective

201 1371 357 1454 Episcopo
372 1373 500 1435 subesse
511 1371 627 1435 debent
641 1369 825 1452 hujusmodi
840 1371 993 1434 moniales
1006 1373 1092 1438 iniis
1106 1393 1178 1457 quae

202 1469 276 1523 sunt
287 1461 515 1542 jurisdictionis
535 1459 731 1542 episcopalis,
753 1477 824 1541 quae
843 1461 1018 1524 necessario
1033 1461 1120 1525 intra
1135 1464 1176 1527 li·

201 1551 293 1614 mites
307 1551 459 1633 cujusque
468 1550 602 1634 proprian
616 1549 757 1612 dioecesls
771 1549 986 1630 restringitur3
1001 1550 1056 1613 aed
1066 1554 1174 1634 quoad

201 1658 238 1703 ea
253 1659 324 1722 quae
340 1649 414 1703 suut
425 1658 519 1703 merae
535 1637 816 1722 administrationis
831 1639 1032 1704 oeconomicoe
1047 1659 1105 1704 sen
1120 1641 1175 1706 do·

199 1730 357 1805 mesticae,
382 1728 613 1793 admittendum
633 1746 697 1791 non
713 1727 838 1792 videtur
858 1728 943 1810 quod
963 1729 1006 1792 sic
1024 1727 1066 1792 ab
1092 1749 1176 1796 uno-

201 1836 328 1901 quoque
342 1819 514 1900 respectivo
528 1817 692 1882 Ordinario
707 1814 923 1900 dependeant:
939 1817 1077 1882 multum
1088 1821 1174 1882 enim

201 1909 234 1972 in
249 1907 381 1989 singulis
400 1904 699 1989 congregationibus
721 1906 958 1987 perturbaretur
971 1906 1063 1984 ordo,
1081 1909 1125 1986 si,
1143 1928 1173 1972 v.

202 2016 246 2077 g.‚
263 2016 328 2060 uno
343 1998 498 2079 Episcopo
511 1997 654 2076 erigente
666 1994 750 2073 quod
765 2003 848 2058 certa
866 1996 1010 2077 quaedam
1026 1997 1176 2060 monialis

201 2085 254 2148 tali
273 2087 465 2150 monasterio
484 2087 713 2169 praeficeretur,
734 2084 810 2146 alter
827 2085 969 2147 eamdem
996 2086 1091 2149 vellet
1116 2087 1174 2150 sibi

200 2175 356 2249 retinere;
374 2185 427 2238 aut
442 2176 479 2251 si,
493 2177 579 2258 juxta
595 2193 707 2251 unum,
729 2181 809 2238 esset
824 2178 1102 2254 annngregationc
1116 2177 1174 2258 eji·
1286 2239 1287 2264 p

200 2263 331 2339 cienda,
348 2264 511 2328 retinenda
527 2263 606 2327 foret
619 2265 708 2346 juxta
724 2265 865 2326 alterum.
887 2263 971 2325 ldem
987 2263 1039 2326 dic
1051 2265 1093 2328 de
1109 2265 1176 2328 aliis

197 2353 320 2417 multis.
338 2352 503 2428 Quomodo
518 2355 603 2416 enim
619 2352 713 2416 rebus
723 2353 766 2416 sic
777 2351 933 2414 stantibus
949 2351 1177 2418 adhucconsis

202 2451 266 2505 tere
283 2450 385 2526 posset
398 2441 627 2522 congregatio?
642 2443 724 2522 Ergo
746 2441 830 2503 dicta
846 2441 1042 2504 consuetudo
1058 2443 1090 2504 in
1112 2444 1176 2508 hu·
1285 2441 1286 2458 ¹

199 2532 337 2615 jusmodi
353 2541 528 2596 conventus
546 2539 757 2611 congruenter
771 2530 929 2593 introduci
944 2530 1030 2592 haud
1047 2534 1174 2614 potuit3

201 2639 238 2686 eo
261 2623 367 2684 minus
391 2622 475 2703 quod
491 2622 642 2684 moniales
665 2638 728 2684 non
753 2617 912 2701 pendeant
933 2619 973 2681 ab
998 2620 1173 2703 Episcopis‚
1284 2643 1285 2680 t

201 2710 305 2793 quoad
330 2712 560 2774 oeconomicum
589 2718 619 2773 et
642 2710 850 2772 domesticum
868 2709 1033 2788 regimen,
1063 2710 1125 2772 nisi
1146 2711 1174 2773 vi

200 2799 449 2876 consuetudinis,
466 2817 536 2881 quae
549 2799 687 2880 obligare
702 2799 813 2880 nequit
830 2799 888 2860 nisi
904 2798 943 2859 sit
957 2797 1053 2875 bona,
1071 2801 1173 2864 socie·
1283 2823 1284 2832 ¹

156 2916 159 2922 ·
201 2891 321 2971 talique
344 2890 438 2954 utilis.
466 2889 618 2953 Caeterum
642 2889 724 2952 circa
747 2889 814 2950 haec
833 2889 956 2954 emnia.
982 2887 1032 2950 his
1059 2907 1131 2970 quae
1158 2907 1175 2952 a

202 2975 315 3042 Sancta
331 2978 409 3041 Sede
424 2979 547 3041 decreta
562 2977 701 3053 luerunt,
717 2977 865 3039 standum
878 2984 933 3038 est.
950 2976 1046 3040 Porro
1061 2977 1095 3039 in
1111 2978 1174 3041 ltu-

200 3067 336 3151 jusmodi
354 3069 487 3147 negoti0,
505 3086 570 3129 rem
586 3068 748 3147 componit
763 3064 932 3146 aliquando
947 3063 1060 3129 Sancta
1081 3065 1176 3131 Sedes

202 3156 403 3220 concedendo
426 3155 577 3219 Institutis
603 3155 755 3237 religiosis
783 3153 981 3218 Cardinalem
1015 3154 1174 3221 Protecto-

202 3265 280 3313 rem.

245 3339 331 3398 ltllt.
356 3336 477 3398 Areris
491 3335 570 3418 juris
584 3334 732 3399 Canonici
756 3333 919 3416 principiis
943 3350 1006 3396 non
1034 3334 1175 3400 multum

204 3423 345 3490 dissentit
369 3426 522 3502 legislatio
543 3435 649 3489 nostra
666 3425 748 3488 eirca
769 3441 907 3506 praesens
928 3430 1105 3504 punctum;
1133 3426 1175 3488 sic

204 3515 289 3578 enim
304 3515 398 3578 habet
409 3515 575 3578 instructio
590 3513 813 3589 ministerialis,
830 3513 929 3592 legem
946 3517 985 3575 at
1004 3513 1080 3575 maii
1098 3514 1173 3578 tata

204 3602 414 3688 interpretans
436 3623 446 3670 ε
472 3612 565 3668 cart.
582 3610 613 3669 8.
630 3605 673 3666 La
699 3601 888 3685 Superieure
909 3600 1055 3682 gerterule
1078 3601 1174 3668 d'une

204 3713 219 3753 r
244 3691 471 3780 congregation
486 3711 638 3759 conserve
649 3713 712 3761 une
727 3693 830 3758 action
846 3692 1029 3756 immediata
1041 3710 1096 3757 sur
1106 3701 1176 3759 tous
