<?xml version="1.0" encoding="UTF-8"?>
<!DOCTYPE html PUBLIC "-//W3C//DTD XHTML 1.0 Transitional//EN"
    "http://www.w3.org/TR/xhtml1/DTD/xhtml1-transitional.dtd">
<html xmlns="http://www.w3.org/1999/xhtml" xml:lang="en" lang="en">
 <head>
  <title>
</title>
<meta http-equiv="Content-Type" content="text/html;charset=utf-8" />
  <meta name='ocr-system' content='tesseract 3.04.00' />
  <meta name='ocr-capabilities' content='ocr_page ocr_carea ocr_par ocr_line ocrx_word'/>
</head>
<body>
  <div class='ocr_page' id='page_1' title='image "./elementajurisca00craigoog_0305.png"; bbox 0 0 2590 4208; ppageno 0'>
   <div class='ocr_carea' id='block_1_1' title="bbox 177 301 869 370">
    <p class='ocr_par' dir='ltr' id='par_1_1' title="bbox 177 301 869 370">
     <span class='ocr_line' id='line_1_1' title="bbox 177 301 869 370; baseline 0.014 -11"><span class='ocrx_word' id='word_1_1' title='bbox 177 301 197 359; x_wconf 86' lang='lat' dir='ltr'><strong>t</strong></span> <span class='ocrx_word' id='word_1_2' title='bbox 451 317 601 363; x_wconf 76' lang='lat' dir='ltr'><strong>sennense</strong></span> <span class='ocrx_word' id='word_1_3' title='bbox 623 317 704 364; x_wconf 77' lang='lat' dir='ltr'><strong>roms</strong></span> <span class='ocrx_word' id='word_1_4' title='bbox 725 317 869 370; x_wconf 81' lang='lat' dir='ltr'><strong>cluonrcr.</strong></span> 
     </span>
    </p>
   </div>
   <div class='ocr_carea' id='block_1_2' title="bbox 177 427 1228 3702">
    <p class='ocr_par' dir='ltr' id='par_1_2' title="bbox 177 427 1216 2635">
     <span class='ocr_line' id='line_1_2' title="bbox 177 427 1149 512; baseline 0.019 -24"><span class='ocrx_word' id='word_1_5' title='bbox 177 428 386 490; x_wconf 87' lang='lat' dir='ltr'><strong>communiter</strong></span> <span class='ocrx_word' id='word_1_6' title='bbox 405 427 466 490; x_wconf 83' lang='lat' dir='ltr'><strong>DI).</strong></span> <span class='ocrx_word' id='word_1_7' title='bbox 492 429 658 510; x_wconf 90' lang='lat' dir='ltr'><strong>requirunt</strong></span> <span class='ocrx_word' id='word_1_8' title='bbox 677 430 763 510; x_wconf 93' lang='lat' dir='ltr'><strong>quod</strong></span> <span class='ocrx_word' id='word_1_9' title='bbox 786 431 915 512; x_wconf 81' lang='lat' dir='ltr'>professi</span> <span class='ocrx_word' id='word_1_10' title='bbox 941 435 1149 508; x_wconf 71' lang='lat' dir='ltr'>donationem</span> 
     </span>
     <span class='ocr_line' id='line_1_3' title="bbox 177 511 1149 603; baseline 0.022 -30"><span class='ocrx_word' id='word_1_11' title='bbox 177 523 206 574; x_wconf 89' lang='lat' dir='ltr'><strong>et</strong></span> <span class='ocrx_word' id='word_1_12' title='bbox 219 511 418 579; x_wconf 80' lang='lat' dir='ltr'><strong>traditionem</strong></span> <span class='ocrx_word' id='word_1_13' title='bbox 435 520 483 580; x_wconf 88' lang='lat' dir='ltr'><strong>sul</strong></span> <span class='ocrx_word' id='word_1_14' title='bbox 498 517 561 580; x_wconf 86' lang='lat' dir='ltr'><strong>Deo</strong></span> <span class='ocrx_word' id='word_1_15' title='bbox 577 517 702 593; x_wconf 84' lang='lat' dir='ltr'><strong>saciant,</strong></span> <span class='ocrx_word' id='word_1_16' title='bbox 719 526 750 580; x_wconf 90' lang='lat' dir='ltr'><strong>et</strong></span> <span class='ocrx_word' id='word_1_17' title='bbox 763 519 860 600; x_wconf 88' lang='lat' dir='ltr'><strong>quod,</strong></span> <span class='ocrx_word' id='word_1_18' title='bbox 877 526 1007 588; x_wconf 88' lang='lat' dir='ltr'><strong>nornine</strong></span> <span class='ocrx_word' id='word_1_19' title='bbox 1021 527 1088 603; x_wconf 83' lang='lat' dir='ltr'><strong>oei,</strong></span> <span class='ocrx_word' id='word_1_20' title='bbox 1106 532 1149 594; x_wconf 90' lang='lat' dir='ltr'><strong>ab</strong></span> 
     </span>
     <span class='ocr_line' id='line_1_4' title="bbox 178 602 1148 700; baseline 0.021 -38"><span class='ocrx_word' id='word_1_21' title='bbox 178 602 286 682; x_wconf 91' lang='lat' dir='ltr'><strong>aliquo</strong></span> <span class='ocrx_word' id='word_1_22' title='bbox 297 602 461 668; x_wconf 87' lang='lat' dir='ltr'><strong>homiuum</strong></span> <span class='ocrx_word' id='word_1_23' title='bbox 478 605 656 688; x_wconf 88' lang='lat' dir='ltr'><strong>hujusmodi</strong></span> <span class='ocrx_word' id='word_1_24' title='bbox 667 605 796 669; x_wconf 88' lang='lat' dir='ltr'><strong>donatio</strong></span> <span class='ocrx_word' id='word_1_25' title='bbox 810 626 846 670; x_wconf 88' lang='lat' dir='ltr'><strong>ac</strong></span> <span class='ocrx_word' id='word_1_26' title='bbox 860 610 987 676; x_wconf 88' lang='lat' dir='ltr'><strong>traditio</strong></span> <span class='ocrx_word' id='word_1_27' title='bbox 1001 629 1148 700; x_wconf 85' lang='lat' dir='ltr'><strong>accepte·</strong></span> 
     </span>
     <span class='ocr_line' id='line_1_5' title="bbox 178 689 1147 774; baseline 0.022 -23"><span class='ocrx_word' id='word_1_28' title='bbox 178 699 238 752; x_wconf 86' lang='lat' dir='ltr'><strong>tur.</strong></span> <span class='ocrx_word' id='word_1_29' title='bbox 265 689 315 754; x_wconf 90' lang='lat' dir='ltr'><strong>Sic</strong></span> <span class='ocrx_word' id='word_1_30' title='bbox 339 701 443 756; x_wconf 90' lang='lat' dir='ltr'><strong>autern</strong></span> <span class='ocrx_word' id='word_1_31' title='bbox 464 713 530 756; x_wconf 86' lang='lat' dir='ltr'><strong>ram</strong></span> <span class='ocrx_word' id='word_1_32' title='bbox 552 694 687 774; x_wconf 82' lang='lat' dir='ltr'><strong>explicat</strong></span> <span class='ocrx_word' id='word_1_33' title='bbox 701 693 815 758; x_wconf 85' lang='lat' dir='ltr'><strong>Suarez</strong></span> <span class='ocrx_word' id='word_1_34' title='bbox 839 701 849 738; x_wconf 85' lang='lat'><strong>¹</strong></span> <span class='ocrx_word' id='word_1_35' title='bbox 872 719 879 762; x_wconf 93' lang='lat'>:</span> <span class='ocrx_word' id='word_1_36' title='bbox 906 699 1147 772; x_wconf 73' lang='lat' dir='ltr'><strong>«Ostendimus</strong></span> 
     </span>
     <span class='ocr_line' id='line_1_6' title="bbox 178 778 1147 870; baseline 0.023 -34"><span class='ocrx_word' id='word_1_37' title='bbox 178 801 190 835; x_wconf 72' lang='lat' dir='ltr'><strong>o</strong></span> <span class='ocrx_word' id='word_1_38' title='bbox 215 778 313 842; x_wconf 83' lang='lat' dir='ltr'><strong>Deum</strong></span> <span class='ocrx_word' id='word_1_39' title='bbox 329 783 533 865; x_wconf 90' lang='lat' dir='ltr'><strong>perseipsum</strong></span> <span class='ocrx_word' id='word_1_40' title='bbox 547 790 618 844; x_wconf 87' lang='lat' dir='ltr'><strong>vota</strong></span> <span class='ocrx_word' id='word_1_41' title='bbox 632 789 791 864; x_wconf 80' lang='lat' dir='ltr'><strong>acceptare</strong></span> <span class='ocrx_word' id='word_1_42' title='bbox 807 783 920 865; x_wconf 86' lang='lat' dir='ltr'><strong>quaein</strong></span> <span class='ocrx_word' id='word_1_43' title='bbox 934 793 1147 870; x_wconf 81' lang='lat' dir='ltr'><strong>promissione</strong></span> 
     </span>
     <span class='ocr_line' id='line_1_7' title="bbox 178 869 1141 952; baseline 0.016 -29"><span class='ocrx_word' id='word_1_44' title='bbox 178 889 190 923; x_wconf 73' lang='lat' dir='ltr'><strong>a</strong></span> <span class='ocrx_word' id='word_1_45' title='bbox 215 869 390 933; x_wconf 88' lang='lat' dir='ltr'><strong>consistunt</strong></span> <span class='ocrx_word' id='word_1_46' title='bbox 400 891 408 945; x_wconf 87' lang='lat'>;</span> <span class='ocrx_word' id='word_1_47' title='bbox 425 871 509 952; x_wconf 92' lang='lat' dir='ltr'><strong>quod</strong></span> <span class='ocrx_word' id='word_1_48' title='bbox 526 871 577 933; x_wconf 83' lang='lat' dir='ltr'><strong>hle</strong></span> <span class='ocrx_word' id='word_1_49' title='bbox 592 889 744 950; x_wconf 80' lang='lat' dir='ltr'><strong>negamus</strong></span> <span class='ocrx_word' id='word_1_50' title='bbox 757 871 797 935; x_wconf 88' lang='lat' dir='ltr'><strong>de</strong></span> <span class='ocrx_word' id='word_1_51' title='bbox 811 873 978 939; x_wconf 82' lang='lat' dir='ltr'><strong>traditione</strong></span> <span class='ocrx_word' id='word_1_52' title='bbox 989 879 1037 943; x_wconf 89' lang='lat' dir='ltr'><strong>vel</strong></span> <span class='ocrx_word' id='word_1_53' title='bbox 1055 883 1141 945; x_wconf 89' lang='lat' dir='ltr'><strong>obla.</strong></span> 
     </span>
     <span class='ocr_line' id='line_1_8' title="bbox 178 956 1148 1052; baseline 0.025 -42"><span class='ocrx_word' id='word_1_54' title='bbox 178 979 189 1013; x_wconf 76' lang='lat' dir='ltr'><strong>l</strong></span> <span class='ocrx_word' id='word_1_55' title='bbox 219 956 340 1020; x_wconf 90' lang='lat' dir='ltr'><strong>tione...</strong></span> <span class='ocrx_word' id='word_1_56' title='bbox 359 978 367 1022; x_wconf 91' lang='lat'>:</span> <span class='ocrx_word' id='word_1_57' title='bbox 386 977 460 1022; x_wconf 90' lang='lat' dir='ltr'><strong>nam</strong></span> <span class='ocrx_word' id='word_1_58' title='bbox 475 959 641 1042; x_wconf 87' lang='lat' dir='ltr'><strong>promissio</strong></span> <span class='ocrx_word' id='word_1_59' title='bbox 656 959 713 1040; x_wconf 91' lang='lat' dir='ltr'><strong>ipsi</strong></span> <span class='ocrx_word' id='word_1_60' title='bbox 730 959 794 1023; x_wconf 85' lang='lat' dir='ltr'><strong>Deo</strong></span> <span class='ocrx_word' id='word_1_61' title='bbox 808 961 987 1028; x_wconf 86' lang='lat' dir='ltr'><strong>immediate</strong></span> <span class='ocrx_word' id='word_1_62' title='bbox 1003 969 1069 1031; x_wconf 82' lang='lat' dir='ltr'><strong>lieri</strong></span> <span class='ocrx_word' id='word_1_63' title='bbox 1087 989 1148 1052; x_wconf 93' lang='lat' dir='ltr'><strong>po·</strong></span> 
     </span>
     <span class='ocr_line' id='line_1_9' title="bbox 178 1047 1145 1131; baseline 0.021 -30"><span class='ocrx_word' id='word_1_64' title='bbox 178 1066 190 1100; x_wconf 78' lang='lat' dir='ltr'><strong>a</strong></span> <span class='ocrx_word' id='word_1_65' title='bbox 216 1053 275 1107; x_wconf 87' lang='lat' dir='ltr'><strong>test</strong></span> <span class='ocrx_word' id='word_1_66' title='bbox 288 1055 319 1108; x_wconf 90' lang='lat' dir='ltr'><strong>et</strong></span> <span class='ocrx_word' id='word_1_67' title='bbox 336 1047 381 1110; x_wconf 91' lang='lat' dir='ltr'><strong>illi</strong></span> <span class='ocrx_word' id='word_1_68' title='bbox 397 1047 531 1130; x_wconf 89' lang='lat' dir='ltr'><strong>placere,</strong></span> <span class='ocrx_word' id='word_1_69' title='bbox 546 1049 571 1110; x_wconf 90' lang='lat' dir='ltr'><strong>si</strong></span> <span class='ocrx_word' id='word_1_70' title='bbox 592 1049 632 1109; x_wconf 86' lang='lat' dir='ltr'><strong>sit</strong></span> <span class='ocrx_word' id='word_1_71' title='bbox 646 1047 685 1110; x_wconf 88' lang='lat' dir='ltr'><strong>de</strong></span> <span class='ocrx_word' id='word_1_72' title='bbox 698 1066 733 1110; x_wconf 90' lang='lat' dir='ltr'><strong>re</strong></span> <span class='ocrx_word' id='word_1_73' title='bbox 751 1049 810 1111; x_wconf 91' lang='lat' dir='ltr'><strong>sibi</strong></span> <span class='ocrx_word' id='word_1_74' title='bbox 826 1059 934 1131; x_wconf 82' lang='lat' dir='ltr'><strong>grata3</strong></span> <span class='ocrx_word' id='word_1_75' title='bbox 949 1063 981 1116; x_wconf 90' lang='lat' dir='ltr'><strong>et</strong></span> <span class='ocrx_word' id='word_1_76' title='bbox 996 1055 1057 1120; x_wconf 89' lang='lat' dir='ltr'><strong>hoc</strong></span> <span class='ocrx_word' id='word_1_77' title='bbox 1072 1059 1145 1122; x_wconf 89' lang='lat' dir='ltr'><strong>satis</strong></span> 
     </span>
     <span class='ocr_line' id='line_1_10' title="bbox 181 1135 1157 1228; baseline 0.016 -34"><span class='ocrx_word' id='word_1_78' title='bbox 181 1155 190 1188; x_wconf 82' lang='lat'><strong>=&gt;</strong></span> <span class='ocrx_word' id='word_1_79' title='bbox 216 1142 262 1196; x_wconf 90' lang='lat' dir='ltr'><strong>est</strong></span> <span class='ocrx_word' id='word_1_80' title='bbox 277 1143 312 1196; x_wconf 94' lang='lat' dir='ltr'><strong>ut</strong></span> <span class='ocrx_word' id='word_1_81' title='bbox 327 1135 440 1199; x_wconf 90' lang='lat' dir='ltr'><strong>habeat</strong></span> <span class='ocrx_word' id='word_1_82' title='bbox 455 1155 548 1200; x_wconf 91' lang='lat' dir='ltr'><strong>suum</strong></span> <span class='ocrx_word' id='word_1_83' title='bbox 563 1135 719 1211; x_wconf 76' lang='lat' dir='ltr'><strong>ellectum,</strong></span> <span class='ocrx_word' id='word_1_84' title='bbox 736 1138 791 1218; x_wconf 91' lang='lat' dir='ltr'><strong>qui</strong></span> <span class='ocrx_word' id='word_1_85' title='bbox 804 1147 927 1202; x_wconf 91' lang='lat' dir='ltr'><strong>tantum</strong></span> <span class='ocrx_word' id='word_1_86' title='bbox 941 1153 988 1206; x_wconf 89' lang='lat' dir='ltr'><strong>est</strong></span> <span class='ocrx_word' id='word_1_87' title='bbox 1002 1145 1157 1228; x_wconf 82' lang='lat' dir='ltr'><strong>obligare¹</strong></span> 
     </span>
     <span class='ocr_line' id='line_1_11' title="bbox 180 1223 1216 1310; baseline 0.021 -33"><span class='ocrx_word' id='word_1_88' title='bbox 180 1247 190 1277; x_wconf 76' lang='lat' dir='ltr'><strong>l</strong></span> <span class='ocrx_word' id='word_1_89' title='bbox 217 1224 451 1302; x_wconf 89' lang='lat' dir='ltr'><strong>promittentem</strong></span> <span class='ocrx_word' id='word_1_90' title='bbox 483 1225 522 1288; x_wconf 88' lang='lat' dir='ltr'><strong>ad</strong></span> <span class='ocrx_word' id='word_1_91' title='bbox 552 1223 731 1287; x_wconf 84' lang='lat' dir='ltr'><strong>laciendum</strong></span> <span class='ocrx_word' id='word_1_92' title='bbox 762 1227 848 1307; x_wconf 91' lang='lat' dir='ltr'><strong>quod</strong></span> <span class='ocrx_word' id='word_1_93' title='bbox 880 1232 1078 1310; x_wconf 78' lang='lat' dir='ltr'><strong>promisit...</strong></span> <span class='ocrx_word' id='word_1_94' title='bbox 1108 1237 1148 1298; x_wconf 85' lang='lat' dir='ltr'><strong>At</strong></span> <span class='ocrx_word' id='word_1_95' title='bbox 1213 1270 1216 1276; x_wconf 21' lang='grc' dir='ltr'><strong>Δ</strong></span> 
     </span>
     <span class='ocr_line' id='line_1_12' title="bbox 179 1311 1145 1396; baseline 0.024 -31"><span class='ocrx_word' id='word_1_96' title='bbox 179 1336 191 1365; x_wconf 68' lang='grc' dir='ltr'>ι</span> <span class='ocrx_word' id='word_1_97' title='bbox 217 1329 292 1372; x_wconf 79' lang='lat' dir='ltr'><strong>nero</strong></span> <span class='ocrx_word' id='word_1_98' title='bbox 314 1311 500 1376; x_wconf 89' lang='lat' dir='ltr'><strong>traditiovel</strong></span> <span class='ocrx_word' id='word_1_99' title='bbox 518 1313 658 1390; x_wconf 86' lang='lat' dir='ltr'><strong>donatio,</strong></span> <span class='ocrx_word' id='word_1_100' title='bbox 675 1313 748 1376; x_wconf 92' lang='lat' dir='ltr'><strong>licet</strong></span> <span class='ocrx_word' id='word_1_101' title='bbox 770 1316 866 1396; x_wconf 90' lang='lat' dir='ltr'><strong>possit</strong></span> <span class='ocrx_word' id='word_1_102' title='bbox 881 1317 1063 1386; x_wconf 88' lang='lat' dir='ltr'><strong>immediate</strong></span> <span class='ocrx_word' id='word_1_103' title='bbox 1078 1325 1145 1388; x_wconf 83' lang='lat' dir='ltr'><strong>lieri</strong></span> 
     </span>
     <span class='ocr_line' id='line_1_13' title="bbox 179 1399 1149 1489; baseline 0.021 -34"><span class='ocrx_word' id='word_1_104' title='bbox 179 1425 192 1455; x_wconf 74' lang='lat' dir='ltr'><strong>a</strong></span> <span class='ocrx_word' id='word_1_105' title='bbox 221 1399 335 1461; x_wconf 89' lang='lat' dir='ltr'><strong>intuitu</strong></span> <span class='ocrx_word' id='word_1_106' title='bbox 354 1401 425 1478; x_wconf 88' lang='lat' dir='ltr'><strong>Dei,</strong></span> <span class='ocrx_word' id='word_1_107' title='bbox 442 1419 507 1464; x_wconf 90' lang='lat' dir='ltr'><strong>non</strong></span> <span class='ocrx_word' id='word_1_108' title='bbox 531 1409 636 1464; x_wconf 91' lang='lat' dir='ltr'><strong>tamen</strong></span> <span class='ocrx_word' id='word_1_109' title='bbox 663 1412 843 1483; x_wconf 86' lang='lat' dir='ltr'><strong>acceptatur</strong></span> <span class='ocrx_word' id='word_1_110' title='bbox 862 1404 903 1467; x_wconf 93' lang='lat' dir='ltr'><strong>ab</strong></span> <span class='ocrx_word' id='word_1_111' title='bbox 916 1407 1005 1489; x_wconf 91' lang='lat' dir='ltr'><strong>ipso,</strong></span> <span class='ocrx_word' id='word_1_112' title='bbox 1021 1429 1081 1477; x_wconf 90' lang='lat' dir='ltr'><strong>neo</strong></span> <span class='ocrx_word' id='word_1_113' title='bbox 1099 1421 1149 1475; x_wconf 88' lang='lat' dir='ltr'><strong>est</strong></span> 
     </span>
     <span class='ocr_line' id='line_1_14' title="bbox 179 1486 1197 1578; baseline 0.019 -32"><span class='ocrx_word' id='word_1_114' title='bbox 179 1509 191 1544; x_wconf 78' lang='lat' dir='ltr'><strong>a</strong></span> <span class='ocrx_word' id='word_1_115' title='bbox 218 1486 263 1549; x_wconf 92' lang='lat' dir='ltr'><strong>illi</strong></span> <span class='ocrx_word' id='word_1_116' title='bbox 279 1497 378 1566; x_wconf 85' lang='lat' dir='ltr'><strong>grata,</strong></span> <span class='ocrx_word' id='word_1_117' title='bbox 405 1490 467 1553; x_wconf 90' lang='lat' dir='ltr'><strong>nisi</strong></span> <span class='ocrx_word' id='word_1_118' title='bbox 481 1492 537 1552; x_wconf 88' lang='lat' dir='ltr'><strong>liat</strong></span> <span class='ocrx_word' id='word_1_119' title='bbox 556 1489 648 1552; x_wconf 90' lang='lat' dir='ltr'><strong>alicui</strong></span> <span class='ocrx_word' id='word_1_120' title='bbox 663 1491 784 1554; x_wconf 90' lang='lat' dir='ltr'><strong>homini</strong></span> <span class='ocrx_word' id='word_1_121' title='bbox 807 1511 901 1576; x_wconf 90' lang='lat' dir='ltr'><strong>aquo</strong></span> <span class='ocrx_word' id='word_1_122' title='bbox 917 1501 1072 1578; x_wconf 77' lang='lat' dir='ltr'><strong>acceptari</strong></span> <span class='ocrx_word' id='word_1_123' title='bbox 1095 1501 1145 1564; x_wconf 86' lang='lat' dir='ltr'><strong>vel</strong></span> <span class='ocrx_word' id='word_1_124' title='bbox 1192 1565 1197 1578; x_wconf 66' lang='grc'>,</span> 
     </span>
     <span class='ocr_line' id='line_1_15' title="bbox 180 1577 1147 1662; baseline 0.022 -29"><span class='ocrx_word' id='word_1_125' title='bbox 180 1597 192 1632; x_wconf 78' lang='lat' dir='ltr'><strong>o</strong></span> <span class='ocrx_word' id='word_1_126' title='bbox 217 1577 375 1656; x_wconf 86' lang='lat' dir='ltr'><strong>repudiari</strong></span> <span class='ocrx_word' id='word_1_127' title='bbox 391 1580 500 1660; x_wconf 85' lang='lat' dir='ltr'><strong>possit,</strong></span> <span class='ocrx_word' id='word_1_128' title='bbox 516 1590 546 1641; x_wconf 89' lang='lat' dir='ltr'><strong>et</strong></span> <span class='ocrx_word' id='word_1_129' title='bbox 566 1580 620 1660; x_wconf 96' lang='lat' dir='ltr'><strong>qui</strong></span> <span class='ocrx_word' id='word_1_130' title='bbox 633 1581 684 1658; x_wconf 88' lang='lat' dir='ltr'><strong>jos</strong></span> <span class='ocrx_word' id='word_1_131' title='bbox 699 1581 836 1662; x_wconf 89' lang='lat' dir='ltr'><strong>requirat</strong></span> <span class='ocrx_word' id='word_1_132' title='bbox 857 1583 889 1644; x_wconf 96' lang='lat' dir='ltr'><strong>in</strong></span> <span class='ocrx_word' id='word_1_133' title='bbox 913 1603 980 1648; x_wconf 90' lang='lat' dir='ltr'><strong>rem</strong></span> <span class='ocrx_word' id='word_1_134' title='bbox 995 1589 1147 1652; x_wconf 85' lang='lat' dir='ltr'><strong>traditam</strong></span> 
     </span>
     <span class='ocr_line' id='line_1_16' title="bbox 180 1665 1150 1761; baseline 0.021 -38"><span class='ocrx_word' id='word_1_135' title='bbox 180 1687 193 1722; x_wconf 80' lang='lat' dir='ltr'><strong>a</strong></span> <span class='ocrx_word' id='word_1_136' title='bbox 220 1665 258 1727; x_wconf 87' lang='lat' dir='ltr'><strong>ad</strong></span> <span class='ocrx_word' id='word_1_137' title='bbox 285 1667 438 1730; x_wconf 90' lang='lat' dir='ltr'><strong>utendum</strong></span> <span class='ocrx_word' id='word_1_138' title='bbox 463 1668 529 1742; x_wconf 91' lang='lat' dir='ltr'><strong>illa,</strong></span> <span class='ocrx_word' id='word_1_139' title='bbox 557 1669 605 1731; x_wconf 87' lang='lat' dir='ltr'><strong>vel</strong></span> <span class='ocrx_word' id='word_1_140' title='bbox 631 1667 677 1730; x_wconf 94' lang='lat' dir='ltr'><strong>illi</strong></span> <span class='ocrx_word' id='word_1_141' title='bbox 703 1669 945 1750; x_wconf 87' lang='lat' dir='ltr'><strong>imperandum,</strong></span> <span class='ocrx_word' id='word_1_142' title='bbox 973 1695 1150 1761; x_wconf 86' lang='lat' dir='ltr'><strong>curamque</strong></span> 
     </span>
     <span class='ocr_line' id='line_1_17' title="bbox 180 1755 1149 1839; baseline 0.018 -26"><span class='ocrx_word' id='word_1_143' title='bbox 180 1778 193 1810; x_wconf 76' lang='lat' dir='ltr'><strong>r</strong></span> <span class='ocrx_word' id='word_1_144' title='bbox 219 1755 345 1834; x_wconf 81' lang='lat' dir='ltr'><strong>gerendi</strong></span> <span class='ocrx_word' id='word_1_145' title='bbox 358 1757 474 1838; x_wconf 74' lang='lat' dir='ltr'><strong>eius...</strong></span> <span class='ocrx_word' id='word_1_146' title='bbox 493 1757 581 1819; x_wconf 82' lang='lat' dir='ltr'><strong>Ratio</strong></span> <span class='ocrx_word' id='word_1_147' title='bbox 596 1763 653 1832; x_wconf 86' lang='lat' dir='ltr'><strong>est,</strong></span> <span class='ocrx_word' id='word_1_148' title='bbox 669 1757 743 1839; x_wconf 92' lang='lat' dir='ltr'><strong>quia</strong></span> <span class='ocrx_word' id='word_1_149' title='bbox 758 1759 850 1831; x_wconf 87' lang='lat' dir='ltr'><strong>Deus,</strong></span> <span class='ocrx_word' id='word_1_150' title='bbox 867 1765 1041 1829; x_wconf 88' lang='lat' dir='ltr'><strong>secundum</strong></span> <span class='ocrx_word' id='word_1_151' title='bbox 1055 1768 1149 1832; x_wconf 89' lang='lat' dir='ltr'><strong>ordi-</strong></span> 
     </span>
     <span class='ocr_line' id='line_1_18' title="bbox 180 1843 1147 1930; baseline 0.023 -31"><span class='ocrx_word' id='word_1_152' title='bbox 180 1864 192 1898; x_wconf 75' lang='lat' dir='ltr'><strong>o</strong></span> <span class='ocrx_word' id='word_1_153' title='bbox 221 1843 343 1906; x_wconf 88' lang='lat' dir='ltr'><strong>nariam</strong></span> <span class='ocrx_word' id='word_1_154' title='bbox 366 1845 616 1928; x_wconf 80' lang='lat' dir='ltr'><strong>providentiam,</strong></span> <span class='ocrx_word' id='word_1_155' title='bbox 638 1863 702 1906; x_wconf 92' lang='lat' dir='ltr'><strong>non</strong></span> <span class='ocrx_word' id='word_1_156' title='bbox 723 1847 852 1929; x_wconf 90' lang='lat' dir='ltr'><strong>suscipit</strong></span> <span class='ocrx_word' id='word_1_157' title='bbox 873 1853 1065 1930; x_wconf 83' lang='lat' dir='ltr'><strong>peculiarem</strong></span> <span class='ocrx_word' id='word_1_158' title='bbox 1087 1876 1147 1920; x_wconf 91' lang='lat' dir='ltr'><strong>cu-</strong></span> 
     </span>
     <span class='ocr_line' id='line_1_19' title="bbox 182 1933 1151 2027; baseline 0.02 -37"><span class='ocrx_word' id='word_1_159' title='bbox 182 1953 192 1988; x_wconf 81' lang='lat' dir='ltr'><strong>a</strong></span> <span class='ocrx_word' id='word_1_160' title='bbox 219 1950 287 1993; x_wconf 93' lang='lat' dir='ltr'><strong>ram</strong></span> <span class='ocrx_word' id='word_1_161' title='bbox 310 1933 508 2013; x_wconf 87' lang='lat' dir='ltr'><strong>gubernandi</strong></span> <span class='ocrx_word' id='word_1_162' title='bbox 532 1935 683 2016; x_wconf 91' lang='lat' dir='ltr'><strong>privatam</strong></span> <span class='ocrx_word' id='word_1_163' title='bbox 706 1952 873 2015; x_wconf 90' lang='lat' dir='ltr'><strong>personam</strong></span> <span class='ocrx_word' id='word_1_164' title='bbox 894 1939 1076 2007; x_wconf 90' lang='lat' dir='ltr'><strong>immediate</strong></span> <span class='ocrx_word' id='word_1_165' title='bbox 1092 1966 1151 2027; x_wconf 91' lang='lat' dir='ltr'><strong>per</strong></span> 
     </span>
     <span class='ocr_line' id='line_1_20' title="bbox 181 2021 1147 2107; baseline 0.021 -29"><span class='ocrx_word' id='word_1_166' title='bbox 181 2043 193 2078; x_wconf 78' lang='lat' dir='ltr'><strong>s</strong></span> <span class='ocrx_word' id='word_1_167' title='bbox 220 2021 376 2102; x_wconf 88' lang='lat' dir='ltr'><strong>seipsum,</strong></span> <span class='ocrx_word' id='word_1_168' title='bbox 399 2041 457 2084; x_wconf 90' lang='lat' dir='ltr'><strong>nec</strong></span> <span class='ocrx_word' id='word_1_169' title='bbox 481 2023 599 2102; x_wconf 83' lang='lat' dir='ltr'><strong>indiget</strong></span> <span class='ocrx_word' id='word_1_170' title='bbox 618 2023 668 2084; x_wconf 87' lang='lat' dir='ltr'><strong>his</strong></span> <span class='ocrx_word' id='word_1_171' title='bbox 689 2023 783 2086; x_wconf 88' lang='lat' dir='ltr'><strong>rebus</strong></span> <span class='ocrx_word' id='word_1_172' title='bbox 805 2027 1019 2107; x_wconf 88' lang='lat' dir='ltr'><strong>sensibilibus,</strong></span> <span class='ocrx_word' id='word_1_173' title='bbox 1041 2041 1077 2096; x_wconf 88' lang='lat' dir='ltr'><strong>ut</strong></span> <span class='ocrx_word' id='word_1_174' title='bbox 1102 2036 1147 2098; x_wconf 91' lang='lat' dir='ltr'><strong>eis</strong></span> 
     </span>
     <span class='ocr_line' id='line_1_21' title="bbox 181 2107 1149 2187; baseline 0.02 -19"><span class='ocrx_word' id='word_1_175' title='bbox 181 2129 193 2164; x_wconf 84' lang='lat' dir='ltr'><strong>o</strong></span> <span class='ocrx_word' id='word_1_176' title='bbox 220 2107 398 2172; x_wconf 87' lang='lat' dir='ltr'><strong>immediate</strong></span> <span class='ocrx_word' id='word_1_177' title='bbox 424 2116 454 2172; x_wconf 85' lang='lat' dir='ltr'><strong>et</strong></span> <span class='ocrx_word' id='word_1_178' title='bbox 469 2110 536 2172; x_wconf 89' lang='lat' dir='ltr'><strong>sine</strong></span> <span class='ocrx_word' id='word_1_179' title='bbox 550 2111 729 2174; x_wconf 87' lang='lat' dir='ltr'><strong>interventu</strong></span> <span class='ocrx_word' id='word_1_180' title='bbox 747 2121 1149 2187; x_wconf 84' lang='lat' dir='ltr'><strong>causarum·secundarum</strong></span> 
     </span>
     <span class='ocr_line' id='line_1_22' title="bbox 182 2196 1149 2281; baseline 0.024 -28"><span class='ocrx_word' id='word_1_181' title='bbox 182 2217 193 2253; x_wconf 77' lang='lat' dir='ltr'><strong>a</strong></span> <span class='ocrx_word' id='word_1_182' title='bbox 220 2204 335 2258; x_wconf 91' lang='lat' dir='ltr'><strong>utatur.</strong></span> <span class='ocrx_word' id='word_1_183' title='bbox 353 2196 392 2258; x_wconf 87' lang='lat' dir='ltr'><strong>Et</strong></span> <span class='ocrx_word' id='word_1_184' title='bbox 407 2197 477 2260; x_wconf 85' lang='lat' dir='ltr'><strong>idco</strong></span> <span class='ocrx_word' id='word_1_185' title='bbox 498 2198 627 2261; x_wconf 90' lang='lat' dir='ltr'><strong>donatio</strong></span> <span class='ocrx_word' id='word_1_186' title='bbox 649 2199 693 2261; x_wconf 88' lang='lat' dir='ltr'><strong>sie</strong></span> <span class='ocrx_word' id='word_1_187' title='bbox 708 2199 789 2262; x_wconf 86' lang='lat' dir='ltr'><strong>laeta</strong></span> <span class='ocrx_word' id='word_1_188' title='bbox 805 2201 885 2280; x_wconf 89' lang='lat' dir='ltr'><strong>Deo,</strong></span> <span class='ocrx_word' id='word_1_189' title='bbox 903 2206 950 2268; x_wconf 90' lang='lat' dir='ltr'><strong>vel</strong></span> <span class='ocrx_word' id='word_1_190' title='bbox 965 2220 1046 2272; x_wconf 89' lang='lat' dir='ltr'><strong>esset</strong></span> <span class='ocrx_word' id='word_1_191' title='bbox 1066 2231 1149 2281; x_wconf 80' lang='lat' dir='ltr'><strong>vana</strong></span> 
     </span>
     <span class='ocr_line' id='line_1_23' title="bbox 182 2284 1147 2379; baseline 0.022 -37"><span class='ocrx_word' id='word_1_192' title='bbox 182 2307 194 2342; x_wconf 77' lang='lat' dir='ltr'><strong>u</strong></span> <span class='ocrx_word' id='word_1_193' title='bbox 220 2293 251 2347; x_wconf 92' lang='lat' dir='ltr'><strong>et</strong></span> <span class='ocrx_word' id='word_1_194' title='bbox 270 2284 392 2362; x_wconf 88' lang='lat' dir='ltr'><strong>otiosa,</strong></span> <span class='ocrx_word' id='word_1_195' title='bbox 416 2287 465 2350; x_wconf 88' lang='lat' dir='ltr'><strong>vol</strong></span> <span class='ocrx_word' id='word_1_196' title='bbox 487 2287 576 2368; x_wconf 87' lang='lat' dir='ltr'><strong>quasi</strong></span> <span class='ocrx_word' id='word_1_197' title='bbox 591 2295 716 2349; x_wconf 88' lang='lat' dir='ltr'><strong>tentans</strong></span> <span class='ocrx_word' id='word_1_198' title='bbox 742 2289 840 2352; x_wconf 87' lang='lat' dir='ltr'><strong>Deum</strong></span> <span class='ocrx_word' id='word_1_199' title='bbox 867 2292 980 2358; x_wconf 90' lang='lat' dir='ltr'><strong>abillo</strong></span> <span class='ocrx_word' id='word_1_200' title='bbox 1005 2301 1147 2379; x_wconf 81' lang='lat' dir='ltr'><strong>regimen</strong></span> 
     </span>
     <span class='ocr_line' id='line_1_24' title="bbox 182 2373 1151 2471; baseline 0.023 -41"><span class='ocrx_word' id='word_1_201' title='bbox 182 2395 193 2430; x_wconf 79' lang='lat' dir='ltr'><strong>o</strong></span> <span class='ocrx_word' id='word_1_202' title='bbox 220 2373 392 2452; x_wconf 83' lang='lat' dir='ltr'><strong>exigend03</strong></span> <span class='ocrx_word' id='word_1_203' title='bbox 418 2384 448 2438; x_wconf 89' lang='lat' dir='ltr'><strong>et</strong></span> <span class='ocrx_word' id='word_1_204' title='bbox 471 2385 634 2456; x_wconf 87' lang='lat' dir='ltr'><strong>propterea</strong></span> <span class='ocrx_word' id='word_1_205' title='bbox 659 2375 785 2438; x_wconf 93' lang='lat' dir='ltr'><strong>illinon</strong></span> <span class='ocrx_word' id='word_1_206' title='bbox 809 2377 922 2458; x_wconf 88' lang='lat' dir='ltr'><strong>placet,</strong></span> <span class='ocrx_word' id='word_1_207' title='bbox 939 2401 997 2446; x_wconf 85' lang='lat' dir='ltr'><strong>nee</strong></span> <span class='ocrx_word' id='word_1_208' title='bbox 1017 2387 1058 2448; x_wconf 89' lang='lat' dir='ltr'><strong>ab</strong></span> <span class='ocrx_word' id='word_1_209' title='bbox 1080 2391 1151 2471; x_wconf 91' lang='lat' dir='ltr'><strong>ipso</strong></span> 
     </span>
     <span class='ocr_line' id='line_1_25' title="bbox 182 2461 1150 2556; baseline 0.025 -38"><span class='ocrx_word' id='word_1_210' title='bbox 182 2484 194 2518; x_wconf 76' lang='lat' dir='ltr'><strong>a</strong></span> <span class='ocrx_word' id='word_1_211' title='bbox 220 2461 399 2527; x_wconf 89' lang='lat' dir='ltr'><strong>immediate</strong></span> <span class='ocrx_word' id='word_1_212' title='bbox 413 2471 602 2545; x_wconf 86' lang='lat' dir='ltr'><strong>acceptatur.</strong></span> <span class='ocrx_word' id='word_1_213' title='bbox 619 2485 634 2522; x_wconf 82' lang='lat' dir='ltr'><strong>a</strong></span> <span class='ocrx_word' id='word_1_214' title='bbox 653 2463 787 2532; x_wconf 82' lang='lat' dir='ltr'><strong>Proinde</strong></span> <span class='ocrx_word' id='word_1_215' title='bbox 802 2467 842 2530; x_wconf 89' lang='lat' dir='ltr'><strong>ab</strong></span> <span class='ocrx_word' id='word_1_216' title='bbox 856 2469 964 2550; x_wconf 89' lang='lat' dir='ltr'><strong>aliquo</strong></span> <span class='ocrx_word' id='word_1_217' title='bbox 979 2473 1081 2556; x_wconf 90' lang='lat' dir='ltr'><strong>ipsius</strong></span> <span class='ocrx_word' id='word_1_218' title='bbox 1097 2496 1150 2542; x_wconf 84' lang='lat' dir='ltr'><strong>uo·</strong></span> 
     </span>
     <span class='ocr_line' id='line_1_26' title="bbox 182 2553 553 2635; baseline 0.011 -23"><span class='ocrx_word' id='word_1_219' title='bbox 182 2553 266 2614; x_wconf 90' lang='lat' dir='ltr'><strong>mine</strong></span> <span class='ocrx_word' id='word_1_220' title='bbox 281 2554 435 2635; x_wconf 88' lang='lat' dir='ltr'><strong>acceptari</strong></span> <span class='ocrx_word' id='word_1_221' title='bbox 451 2553 553 2617; x_wconf 87' lang='lat' dir='ltr'><strong>debet.</strong></span> 
     </span>
    </p>

    <p class='ocr_par' dir='ltr' id='par_1_3' title="bbox 182 2636 1150 2992">
     <span class='ocr_line' id='line_1_27' title="bbox 220 2636 1148 2723; baseline 0.015 -18"><span class='ocrx_word' id='word_1_222' title='bbox 220 2636 289 2705; x_wconf 66' lang='lat'><strong>926.</strong></span> <span class='ocrx_word' id='word_1_223' title='bbox 313 2643 390 2706; x_wconf 90' lang='lat' dir='ltr'><strong>Vota</strong></span> <span class='ocrx_word' id='word_1_224' title='bbox 412 2643 558 2722; x_wconf 85' lang='lat' dir='ltr'><strong>religiosa</strong></span> <span class='ocrx_word' id='word_1_225' title='bbox 580 2641 716 2723; x_wconf 90' lang='lat' dir='ltr'><strong>duplicis</strong></span> <span class='ocrx_word' id='word_1_226' title='bbox 741 2651 816 2706; x_wconf 89' lang='lat' dir='ltr'><strong>sunt</strong></span> <span class='ocrx_word' id='word_1_227' title='bbox 835 2647 1026 2714; x_wconf 88' lang='lat' dir='ltr'><strong>conditionis</strong></span> <span class='ocrx_word' id='word_1_228' title='bbox 1052 2673 1060 2715; x_wconf 75' lang='grc' dir='ltr'><em>τ</em></span> <span class='ocrx_word' id='word_1_229' title='bbox 1088 2658 1148 2719; x_wconf 87' lang='lat' dir='ltr'><strong>alia</strong></span> 
     </span>
     <span class='ocr_line' id='line_1_28' title="bbox 182 2730 1150 2820; baseline 0.019 -29"><span class='ocrx_word' id='word_1_230' title='bbox 182 2730 266 2814; x_wconf 88' lang='lat' dir='ltr'><strong>enirn</strong></span> <span class='ocrx_word' id='word_1_231' title='bbox 290 2740 363 2794; x_wconf 90' lang='lat' dir='ltr'><strong>sunt</strong></span> <span class='ocrx_word' id='word_1_232' title='bbox 378 2732 546 2814; x_wconf 84' lang='lat' dir='ltr'><strong>simplicia,</strong></span> <span class='ocrx_word' id='word_1_233' title='bbox 571 2731 632 2793; x_wconf 89' lang='lat' dir='ltr'><strong>alia</strong></span> <span class='ocrx_word' id='word_1_234' title='bbox 648 2749 722 2795; x_wconf 89' lang='lat' dir='ltr'><strong>vero</strong></span> <span class='ocrx_word' id='word_1_235' title='bbox 736 2731 900 2812; x_wconf 89' lang='lat' dir='ltr'><strong>solemnia,</strong></span> <span class='ocrx_word' id='word_1_236' title='bbox 927 2738 1060 2820; x_wconf 86' lang='lat' dir='ltr'><strong>haecque</strong></span> <span class='ocrx_word' id='word_1_237' title='bbox 1082 2746 1150 2808; x_wconf 89' lang='lat' dir='ltr'><strong>dis-</strong></span> 
     </span>
     <span class='ocr_line' id='line_1_29' title="bbox 183 2814 1150 2912; baseline 0.018 -33"><span class='ocrx_word' id='word_1_238' title='bbox 183 2814 290 2882; x_wconf 89' lang='lat' dir='ltr'><strong>tinctio</strong></span> <span class='ocrx_word' id='word_1_239' title='bbox 306 2822 372 2902; x_wconf 92' lang='lat' dir='ltr'><strong>ipso</strong></span> <span class='ocrx_word' id='word_1_240' title='bbox 385 2821 456 2903; x_wconf 91' lang='lat' dir='ltr'><strong>jure</strong></span> <span class='ocrx_word' id='word_1_241' title='bbox 477 2821 597 2895; x_wconf 88' lang='lat' dir='ltr'><strong>nititur,</strong></span> <span class='ocrx_word' id='word_1_242' title='bbox 614 2829 649 2882; x_wconf 94' lang='lat' dir='ltr'><strong>ut</strong></span> <span class='ocrx_word' id='word_1_243' title='bbox 664 2819 769 2884; x_wconf 87' lang='lat' dir='ltr'><strong>videre</strong></span> <span class='ocrx_word' id='word_1_244' title='bbox 785 2831 830 2883; x_wconf 87' lang='lat' dir='ltr'><strong>est</strong></span> <span class='ocrx_word' id='word_1_245' title='bbox 846 2841 915 2905; x_wconf 88' lang='lat' dir='ltr'><strong>cap.</strong></span> <span class='ocrx_word' id='word_1_246' title='bbox 941 2828 1024 2903; x_wconf 81' lang='lat' dir='ltr'><strong>Quod</strong></span> <span class='ocrx_word' id='word_1_247' title='bbox 1039 2843 1150 2912; x_wconf 84' lang='lat' dir='ltr'><strong>votum,</strong></span> 
     </span>
     <span class='ocr_line' id='line_1_30' title="bbox 182 2907 1149 2992; baseline 0.018 -22"><span class='ocrx_word' id='word_1_248' title='bbox 182 2907 286 2972; x_wconf 83' lang='lat' dir='ltr'><strong>devoto</strong></span> <span class='ocrx_word' id='word_1_249' title='bbox 300 2920 326 2972; x_wconf 85' lang='lat' dir='ltr'><strong>et</strong></span> <span class='ocrx_word' id='word_1_250' title='bbox 335 2912 394 2973; x_wconf 83' lang='lat' dir='ltr'><strong>voti</strong></span> <span class='ocrx_word' id='word_1_251' title='bbox 402 2909 543 2992; x_wconf 85' lang='lat' dir='ltr'><strong>redempt.</strong></span> <span class='ocrx_word' id='word_1_252' title='bbox 559 2911 591 2971; x_wconf 85' lang='lat' dir='ltr'><strong>in</strong></span> <span class='ocrx_word' id='word_1_253' title='bbox 604 2909 649 2984; x_wconf 84' lang='lat'><strong>6⁰,</strong></span> <span class='ocrx_word' id='word_1_254' title='bbox 662 2917 693 2971; x_wconf 89' lang='lat' dir='ltr'><strong>et</strong></span> <span class='ocrx_word' id='word_1_255' title='bbox 705 2927 773 2990; x_wconf 90' lang='lat' dir='ltr'><strong>cap.</strong></span> <span class='ocrx_word' id='word_1_256' title='bbox 790 2911 903 2974; x_wconf 81' lang='lat' dir='ltr'><strong>Rursus</strong></span> <span class='ocrx_word' id='word_1_257' title='bbox 916 2915 946 2989; x_wconf 84' lang='lat'><strong>6,</strong></span> <span class='ocrx_word' id='word_1_258' title='bbox 963 2916 1023 2991; x_wconf 75' lang='lat' dir='ltr'><strong>Qut</strong></span> <span class='ocrx_word' id='word_1_259' title='bbox 1034 2921 1149 2988; x_wconf 81' lang='lat' dir='ltr'><strong>clerici.</strong></span> 
     </span>
    </p>

    <p class='ocr_par' dir='ltr' id='par_1_4' title="bbox 182 2999 1228 3702">
     <span class='ocr_line' id='line_1_31' title="bbox 222 2999 1151 3079; baseline 0.017 -19"><span class='ocrx_word' id='word_1_260' title='bbox 222 2999 257 3061; x_wconf 91' lang='lat' dir='ltr'><strong>ll.</strong></span> <span class='ocrx_word' id='word_1_261' title='bbox 283 2999 458 3062; x_wconf 89' lang='lat' dir='ltr'><strong>Dicendum</strong></span> <span class='ocrx_word' id='word_1_262' title='bbox 472 3008 518 3062; x_wconf 89' lang='lat' dir='ltr'><strong>ost</strong></span> <span class='ocrx_word' id='word_1_263' title='bbox 532 3016 606 3078; x_wconf 85' lang='lat' dir='ltr'><strong>ergo</strong></span> <span class='ocrx_word' id='word_1_264' title='bbox 625 2999 675 3060; x_wconf 84' lang='lat' dir='ltr'><strong>hio</strong></span> <span class='ocrx_word' id='word_1_265' title='bbox 696 2999 728 3060; x_wconf 90' lang='lat' dir='ltr'><strong>in</strong></span> <span class='ocrx_word' id='word_1_266' title='bbox 752 3017 816 3079; x_wconf 92' lang='lat' dir='ltr'><strong>quo</strong></span> <span class='ocrx_word' id='word_1_267' title='bbox 831 3004 980 3067; x_wconf 87' lang='lat' dir='ltr'><strong>consistat</strong></span> <span class='ocrx_word' id='word_1_268' title='bbox 1001 3017 1151 3075; x_wconf 84' lang='lat' dir='ltr'><strong>votorum</strong></span> 
     </span>
     <span class='ocr_line' id='line_1_32' title="bbox 182 3086 1151 3168; baseline 0.014 -18"><span class='ocrx_word' id='word_1_269' title='bbox 182 3087 373 3150; x_wconf 89' lang='lat' dir='ltr'><strong>solemnitas.</strong></span> <span class='ocrx_word' id='word_1_270' title='bbox 402 3086 435 3148; x_wconf 94' lang='lat' dir='ltr'><strong>ln</strong></span> <span class='ocrx_word' id='word_1_271' title='bbox 452 3105 488 3149; x_wconf 88' lang='lat' dir='ltr'><strong>eo</strong></span> <span class='ocrx_word' id='word_1_272' title='bbox 503 3089 697 3150; x_wconf 87' lang='lat' dir='ltr'><strong>conveniunt</strong></span> <span class='ocrx_word' id='word_1_273' title='bbox 712 3087 773 3150; x_wconf 85' lang='lat' dir='ltr'><strong>oo.</strong></span> <span class='ocrx_word' id='word_1_274' title='bbox 796 3089 881 3168; x_wconf 92' lang='lat' dir='ltr'><strong>quod</strong></span> <span class='ocrx_word' id='word_1_275' title='bbox 900 3102 972 3155; x_wconf 92' lang='lat' dir='ltr'><strong>vota</strong></span> <span class='ocrx_word' id='word_1_276' title='bbox 996 3097 1151 3164; x_wconf 87' lang='lat' dir='ltr'><strong>solemnia</strong></span> 
     </span>
     <span class='ocr_line' id='line_1_33' title="bbox 184 3175 1153 3263; baseline 0.014 -25"><span class='ocrx_word' id='word_1_277' title='bbox 184 3176 316 3239; x_wconf 88' lang='lat' dir='ltr'><strong>reddant</strong></span> <span class='ocrx_word' id='word_1_278' title='bbox 329 3183 495 3239; x_wconf 87' lang='lat' dir='ltr'><strong>voventem</strong></span> <span class='ocrx_word' id='word_1_279' title='bbox 511 3175 643 3238; x_wconf 90' lang='lat' dir='ltr'><strong>omnino</strong></span> <span class='ocrx_word' id='word_1_280' title='bbox 658 3185 687 3238; x_wconf 90' lang='lat' dir='ltr'><strong>et</strong></span> <span class='ocrx_word' id='word_1_281' title='bbox 703 3184 855 3258; x_wconf 87' lang='lat' dir='ltr'><strong>perpetuo</strong></span> <span class='ocrx_word' id='word_1_282' title='bbox 871 3179 1070 3263; x_wconf 87' lang='lat' dir='ltr'><strong>incapacem,</strong></span> <span class='ocrx_word' id='word_1_283' title='bbox 1087 3190 1153 3252; x_wconf 79' lang='lat' dir='ltr'><strong>sive</strong></span> 
     </span>
     <span class='ocr_line' id='line_1_34' title="bbox 184 3262 1149 3350; baseline 0.017 -25"><span class='ocrx_word' id='word_1_284' title='bbox 184 3263 222 3326; x_wconf 89' lang='lat' dir='ltr'><strong>ad</strong></span> <span class='ocrx_word' id='word_1_285' title='bbox 248 3263 484 3327; x_wconf 85' lang='lat' dir='ltr'><strong>matrimonium</strong></span> <span class='ocrx_word' id='word_1_286' title='bbox 499 3262 762 3340; x_wconf 86' lang='lat' dir='ltr'><strong>contrahendum,</strong></span> <span class='ocrx_word' id='word_1_287' title='bbox 783 3265 848 3328; x_wconf 90' lang='lat' dir='ltr'><strong>sive</strong></span> <span class='ocrx_word' id='word_1_288' title='bbox 864 3265 903 3330; x_wconf 88' lang='lat' dir='ltr'><strong>ad</strong></span> <span class='ocrx_word' id='word_1_289' title='bbox 918 3273 1149 3350; x_wconf 86' lang='lat' dir='ltr'><strong>acquirendum</strong></span> 
     </span>
     <span class='ocr_line' id='line_1_35' title="bbox 183 3351 1228 3446; baseline 0.015 -33"><span class='ocrx_word' id='word_1_290' title='bbox 183 3351 304 3414; x_wconf 89' lang='lat' dir='ltr'><strong>bonum</strong></span> <span class='ocrx_word' id='word_1_291' title='bbox 318 3352 502 3435; x_wconf 88' lang='lat' dir='ltr'><strong>temporale,</strong></span> <span class='ocrx_word' id='word_1_292' title='bbox 529 3371 565 3414; x_wconf 88' lang='lat' dir='ltr'><strong>ao</strong></span> <span class='ocrx_word' id='word_1_293' title='bbox 588 3354 627 3413; x_wconf 89' lang='lat' dir='ltr'><strong>ad</strong></span> <span class='ocrx_word' id='word_1_294' title='bbox 644 3353 853 3416; x_wconf 82' lang='lat' dir='ltr'><strong>exercendum</strong></span> <span class='ocrx_word' id='word_1_295' title='bbox 875 3359 1051 3438; x_wconf 90' lang='lat' dir='ltr'><strong>quemlibet</strong></span> <span class='ocrx_word' id='word_1_296' title='bbox 1075 3383 1149 3446; x_wconf 89' lang='lat' dir='ltr'><strong>pro·</strong></span> <span class='ocrx_word' id='word_1_297' title='bbox 1221 3371 1228 3388; x_wconf 85' lang='lat'>&#39;</span> 
     </span>
     <span class='ocr_line' id='line_1_36' title="bbox 184 3441 1147 3528; baseline 0.016 -26"><span class='ocrx_word' id='word_1_298' title='bbox 184 3441 322 3523; x_wconf 88' lang='lat' dir='ltr'><strong>prietatis</strong></span> <span class='ocrx_word' id='word_1_299' title='bbox 347 3452 470 3520; x_wconf 87' lang='lat' dir='ltr'><strong>actum,</strong></span> <span class='ocrx_word' id='word_1_300' title='bbox 496 3442 560 3504; x_wconf 88' lang='lat' dir='ltr'><strong>sive</strong></span> <span class='ocrx_word' id='word_1_301' title='bbox 586 3441 625 3502; x_wconf 92' lang='lat' dir='ltr'><strong>ad</strong></span> <span class='ocrx_word' id='word_1_302' title='bbox 651 3458 885 3524; x_wconf 85' lang='lat' dir='ltr'><strong>quamcumque</strong></span> <span class='ocrx_word' id='word_1_303' title='bbox 908 3449 1147 3528; x_wconf 86' lang='lat' dir='ltr'><strong>promissionem</strong></span> 
     </span>
     <span class='ocr_line' id='line_1_37' title="bbox 185 3527 1149 3615; baseline 0.015 -22"><span class='ocrx_word' id='word_1_304' title='bbox 185 3543 246 3593; x_wconf 86' lang='lat' dir='ltr'><strong>tam</strong></span> <span class='ocrx_word' id='word_1_305' title='bbox 261 3532 323 3595; x_wconf 89' lang='lat' dir='ltr'><strong>Deo</strong></span> <span class='ocrx_word' id='word_1_306' title='bbox 336 3550 432 3614; x_wconf 90' lang='lat' dir='ltr'><strong>quam</strong></span> <span class='ocrx_word' id='word_1_307' title='bbox 446 3530 630 3594; x_wconf 87' lang='lat' dir='ltr'><strong>hominibus</strong></span> <span class='ocrx_word' id='word_1_308' title='bbox 644 3527 832 3608; x_wconf 85' lang='lat' dir='ltr'><strong>faciendam,</strong></span> <span class='ocrx_word' id='word_1_309' title='bbox 849 3552 919 3615; x_wconf 85' lang='lat' dir='ltr'><strong>quae</strong></span> <span class='ocrx_word' id='word_1_310' title='bbox 934 3555 998 3602; x_wconf 92' lang='lat' dir='ltr'><strong>nou</strong></span> <span class='ocrx_word' id='word_1_311' title='bbox 1013 3539 1054 3603; x_wconf 90' lang='lat' dir='ltr'><strong>sit</strong></span> <span class='ocrx_word' id='word_1_312' title='bbox 1068 3558 1149 3606; x_wconf 87' lang='lat' dir='ltr'><strong>asu·</strong></span> 
     </span>
     <span class='ocr_line' id='line_1_38' title="bbox 185 3619 537 3702; baseline -0.003 -20"><span class='ocrx_word' id='word_1_313' title='bbox 185 3623 305 3702; x_wconf 88' lang='lat' dir='ltr'><strong>periore</strong></span> <span class='ocrx_word' id='word_1_314' title='bbox 318 3619 537 3684; x_wconf 88' lang='lat' dir='ltr'><strong>rescindibilis.</strong></span> 
     </span>
    </p>
   </div>
   <div class='ocr_carea' id='block_1_3' title="bbox 201 3794 826 3863">
    <p class='ocr_par' dir='ltr' id='par_1_5' title="bbox 201 3794 826 3863">
     <span class='ocr_line' id='line_1_39' title="bbox 201 3794 826 3863; baseline 0.002 -15"><span class='ocrx_word' id='word_1_315' title='bbox 201 3801 222 3850; x_wconf 89' lang='lat' dir='ltr'><strong>l.</strong></span> <span class='ocrx_word' id='word_1_316' title='bbox 241 3799 372 3863; x_wconf 58' lang='lat' dir='ltr'><strong>Duretie,</strong></span> <span class='ocrx_word' id='word_1_317' title='bbox 387 3802 457 3849; x_wconf 79' lang='lat' dir='ltr'><strong>tract.</strong></span> <span class='ocrx_word' id='word_1_318' title='bbox 470 3797 492 3858; x_wconf 88' lang='lat' dir='ltr'><strong>l,</strong></span> <span class='ocrx_word' id='word_1_319' title='bbox 511 3803 547 3849; x_wconf 85' lang='lat' dir='ltr'><strong>tn.</strong></span> <span class='ocrx_word' id='word_1_320' title='bbox 558 3801 581 3861; x_wconf 76' lang='lat'><strong>2,</strong></span> <span class='ocrx_word' id='word_1_321' title='bbox 598 3815 619 3850; x_wconf 86' lang='lat' dir='ltr'><strong>o.</strong></span> <span class='ocrx_word' id='word_1_322' title='bbox 634 3798 657 3858; x_wconf 69' lang='lat' dir='ltr'><strong>l,</strong></span> <span class='ocrx_word' id='word_1_323' title='bbox 677 3798 736 3850; x_wconf 76' lang='lat' dir='ltr'><strong>nial</strong></span> <span class='ocrx_word' id='word_1_324' title='bbox 761 3802 784 3850; x_wconf 80' lang='lat' dir='ltr'><strong>cl</strong></span> <span class='ocrx_word' id='word_1_325' title='bbox 804 3794 826 3844; x_wconf 75' lang='lat'><strong>8·</strong></span> 
     </span>
    </p>
   </div>
   <div class='ocr_carea' id='block_1_4' title="bbox 0 0 1308 4208">
    <p class='ocr_par' dir='ltr' id='par_1_6' title="bbox 0 0 1308 4208">
     <span class='ocr_line' id='line_1_40' title="bbox 0 0 1308 4208; baseline 0 0"><span class='ocrx_word' id='word_1_326' title='bbox 0 0 1308 4208; x_wconf 95' lang='lat' dir='ltr'><strong> </strong></span> 
     </span>
    </p>
   </div>
  </div>
 </body>
</html>
