2574 4198
206 302 265 361 606
479 309 631 356 cucusum
651 307 733 352 rums
754 305 904 351 onnomcr.

206 410 418 492 symphoniam
432 413 533 470 nutem
549 407 726 486 intelligitur
746 423 820 466 usus
835 401 1061 465 intermiscendi
1074 401 1185 464 divinis

205 499 311 560 utticiis
325 516 435 560 sonum
449 513 635 577 organorum
647 495 713 556 sine
725 494 785 556 ulto
800 500 901 554 cantu.

244 587 307 648 Etsi
329 586 496 667 generatim
519 584 635 645 musico
658 582 769 643 nonsit
783 581 949 662 prohibito,
965 586 1098 642 ettamen
1114 597 1186 640 mn·

206 675 335 737 nialibus
359 675 447 735 vetita
472 673 529 735 fuit
551 675 568 734 t
585 672 723 752 pluribus
743 669 941 731 Pontificibus
962 677 991 730 et
1005 669 1186 749 expresset

205 763 358 825 Clemente
367 765 442 835 Vill,
461 766 498 824 tu
510 761 577 840 julii
591 763 680 834 1592,
691 777 745 841 per
759 761 920 820 Decretum
932 758 965 820 in
979 775 1042 838 quo
1056 757 1184 818 dicitur:

209 872 224 909 α
244 851 427 914 Moniutibus
450 856 606 912 eteorum
628 847 762 910 ecciesiis
784 865 846 910 non
865 847 1057 928 permittetur
1077 852 1186 907 contus

209 963 224 998 u
246 933 412 1019 figuratus,
437 938 489 1000 sed
518 938 637 999 tuntum
662 936 791 1006 tirmus3
811 954 847 998 ec
865 940 1009 1016 praetereu
1028 934 1122 994 etium
1150 953 1184 995 ex

209 1052 224 1086 u
244 1047 351 1091 earum
366 1027 572 1100 monasteriis,
588 1026 788 1088 instrumenta
803 1026 919 1087 musica
934 1023 1080 1104 (exceptis
1095 1042 1186 1103 orge-

210 1139 224 1172 (ι
247 1116 313 1190 nis,
329 1135 397 1197 quae
412 1118 443 1176 tn
458 1114 596 1176 exteriori
611 1114 739 1176 ecciesit
754 1113 979 1194 permittuntur)
993 1112 1151 1174 tolluntur.
1167 1135 1182 1170 n

206 1205 286 1264 Dntae
314 1204 437 1284 quidem
465 1203 549 1265 suere
576 1210 680 1283 postea
704 1203 895 1264 monasteriis
922 1203 1067 1263 Romane
1094 1201 1186 1263 veriae

206 1292 334 1353 tieentiae
348 1294 364 1352 tr
387 1295 438 1354 SS.
457 1291 674 1367 Pontificibus,
690 1291 743 1353 sed
756 1309 864 1352 omnes
879 1290 937 1352 iltae
951 1289 1078 1352 demum
1098 1289 1186 1353 fuere

207 1389 349 1441 revocatae
363 1381 545 1442 irCtementc
556 1382 611 1452 xl,
628 1379 797 1442 ddecemb.
812 1383 900 1442 tm.

246 1469 309 1528 tmd
326 1485 384 1528 non
397 1466 573 1530 conceditur
586 1468 668 1548 qudd
680 1469 827 1530 moniales
836 1469 952 1550 possint
965 1469 983 1530 t
995 1467 1066 1530 viris
1080 1467 1184 1530 doceri

204 1563 327 1616 cnutum
343 1575 396 1618 sou
410 1556 571 1629 musicam,
590 1556 775 1630 misenum,
792 1575 891 1637 neque
905 1558 943 1618 ud
957 1563 1064 1630 cretes,
1082 1575 1184 1638 neque

205 1642 241 1704 nd
263 1653 378 1724 portus,
400 1645 455 1704 nisi
479 1644 560 1704 brevi
580 1650 716 1726 tempore
739 1652 902 1728 procantu
923 1645 1182 1726 negotionem

204 1730 316 1810 pluries
330 1733 468 1796 (tecisum
482 1735 498 1793 ir
510 1735 541 1795 S.
558 1733 668 1812 Congu.
685 1733 786 1814 Episc.
800 1741 829 1795 et
842 1733 950 1815 Regul.

247 1843 262 1878 u
283 1823 334 1882 Est
363 1823 523 1884 Decretum
547 1823 688 1900 generate
711 1825 742 1883 S.
768 1823 879 1902 Congr.
904 1841 970 1884 esse
992 1822 1181 1886 tolerandam

188 1990 191 1996 Ι
207 1931 223 1966 u
245 1910 393 1971 musicem
407 1911 438 1972 in
453 1911 581 1972 ecciesirt
595 1910 736 1972 exteriori
754 1911 947 1985 monialium,
965 1913 1135 1993 praesertim
1151 1914 1180 1974 in
1277 1969 1278 1978 ,

208 2020 223 2053 o
243 1998 425 2077 quibusdam
436 1999 531 2059 Festis
543 1999 771 2079 principatibus,
784 2000 835 2061 ubi
844 2006 889 2062 est
898 1999 963 2062 tulis
973 2002 1179 2077 consuetudo;

207 2107 222 2142 u
243 2085 294 2146 utu
309 2087 379 2146 rerd
391 2086 579 2147 consuetudo
597 2106 657 2147 non
669 2086 769 2166 adest,
782 2107 843 2150 non
857 2107 922 2150 esse
935 2088 973 2151 de
983 2107 1061 2151 novo
1075 2108 1181 2152 conce·
1276 2133 1277 2160 r

206 2193 222 2229 c
242 2173 412 2236 drudam...
423 2177 453 2236 S.
464 2175 574 2254 Congu.
588 2175 700 2256 Episc,
712 2177 743 2236 in
753 2177 918 2257 Neapolit,
930 2181 968 2241 10
978 2196 1045 2239 nov.
1058 2182 1177 2241 1852.»

242 2262 318 2322 Cirm
337 2281 373 2323 ex
393 2261 493 2335 dictis,
519 2281 579 2324 non
597 2263 711 2325 musica
730 2265 782 2326 sed
797 2266 921 2328 musicae
935 2266 1047 2328 abusus
1060 2268 1099 2328 sit
1113 2275 1179 2330 ton·
1275 2333 1276 2340 χ

203 2349 266 2410 timi
282 2351 471 2430 prohibitus,
490 2353 626 2434 sequitur
640 2352 723 2433 qudd
743 2355 910 2436 Episcopus
925 2363 1055 2438 nequeat
1071 2359 1178 2438 prohi-

203 2435 272 2500 bere
289 2457 326 2500 ne
342 2440 373 2500 in
385 2441 536 2518 ecclesiis,
555 2441 611 2502 nisi
628 2441 687 2502 sint
702 2443 889 2517 monialium,
906 2443 958 2506 nat
972 2447 1108 2522 musica3
1126 2449 1178 2511 sed

202 2525 279 2588 bene
302 2530 409 2609 poterit
435 2537 533 2591 vetare
559 2548 597 2591 ne
622 2538 769 2594 canuntur
783 2533 873 2594 verbu
892 2552 955 2595 non
974 2551 1078 2613 suoru,
1093 2543 1126 2600 et
1140 2555 1178 2600 ne

202 2618 317 2678 musico
332 2619 445 2698 aliquid
460 2617 675 2680 immodestum
689 2627 742 2701 aut
753 2629 839 2703 turpe
849 2623 956 2704 sapiat.

240 2701 439 2772 Quandonom
460 2725 607 2788 organum
630 2715 659 2770 et
680 2710 866 2773 musicorum
884 2717 991 2774 cantus
1012 2713 1074 2776 sint
1087 2717 1177 2780 edhi-

202 2789 334 2854 tendat
361 2793 435 2858 Vide
462 2795 501 2858 de
531 2795 591 2857 hoc
621 2796 832 2860 Coeremcniale
858 2801 1028 2884 Epz'scop.,
1056 2804 1111 2868 tib.
1143 2813 1176 2881 t,

200 2897 265 2964 cop.
282 2885 332 2946 ts.
640 2893 642 2898 ’
