2552 4204
471 319 555 364 erran
576 318 707 364 suarius.
806 329 808 334 v
1018 309 1071 367 691

97 417 165 478 imo
179 417 210 478 in
225 419 285 480 boo
294 417 401 479 ultimo
415 435 498 492 casu,
512 419 595 493 juxta
611 417 852 482 communiorem
863 426 892 480 et
908 419 1078 498 multbpro-

97 504 280 568 habiliorem
296 505 492 578 sententiam,
513 507 530 566 a
551 507 680 566 censura
695 525 755 567 non
774 515 896 570 excusat
910 507 1078 588 ignorantia

97 592 238 657 affectata
253 598 329 675 (cap.
346 595 409 656 Eos
421 594 491 675 qui,
504 593 547 654 De
563 602 685 673 tempor.
697 595 809 670 ordia,
822 599 853 656 in
866 599 918 671 6⁰).

139 683 241 745 Metus
256 690 355 744 autem
370 681 482 763 gravis,
498 681 544 742 vel
559 681 657 762 gravis
672 685 832 746 necessitas
856 685 937 746 certe
957 691 1079 746 excusat

98 772 278 846 incensore,
298 771 322 831 si
345 789 394 832 res
419 770 457 830 sit
469 770 562 853 ¹vetita
585 776 636 831 aut
650 778 798 852 praecepta
822 772 886 833 solo
898 773 965 852 iure
979 772 1078 834 eccle-

98 859 238 938 siastico,
261 860 318 921 nisi
339 879 387 921 res
407 864 556 939 praecepta
577 857 681 920 luisset
703 861 742 921 ob
761 861 875 922 bonum
892 861 993 940 magni
1009 876 1078 921 rnu-

99 949 215 1024 menti,
231 969 259 1008 v.
277 967 306 1028 g.
324 949 347 1009 si
362 947 493 1028 parocho
507 947 749 1026 praescriberetur
762 949 921 1010 residentia
943 957 1080 1028 tempore

100 1037 212 1114 pestis;
235 1037 298 1098 imo
312 1039 373 1098 Du.
391 1035 609 1110 communiter,
629 1043 732 1098 contra
747 1037 855 1112 Gollet‚
878 1036 960 1098 idem
974 1038 1079 1098 dicunt

99 1125 124 1184 si
141 1144 189 1186 res
204 1125 242 1186 sit
253 1125 343 1186 vetita
354 1125 445 1185 etiam
457 1125 525 1201 jure
540 1125 667 1185 naturali
683 1126 858 1200 autdivino,
871 1145 931 1188 non
942 1126 1093 1191 obstante-

99 1231 169 1293 cap.
187 1213 300 1290 Sauras,
315 1212 359 1274 De
372 1213 418 1273 lu's
429 1231 496 1292 quoe
507 1213 547 1285 oi,
562 1217 633 1286 eto,
650 1213 824 1276 ubidicitur
839 1222 947 1276 metum
958 1215 1077 1296 quinon

98 1311 222 1363 accusat
238 1302 256 1362 d
270 1301 404 1374 munuli,
422 1320 472 1362 uec
491 1301 578 1362 etiam
600 1303 769 1365 excusared
787 1304 906 1365 censurd
921 1323 928 1364 ε
945 1304 1015 1384 quia
1031 1303 1078 1366 hic

99 1396 201 1452 textus
225 1391 350 1462 intelligi
370 1390 474 1463 debet,
497 1389 541 1450 rel
564 1389 602 1452 de
616 1399 698 1454 metu
716 1392 788 1466 levi,
804 1392 849 1454 vel
870 1393 908 1454 de
932 1411 1002 1454 casu
1027 1393 1076 1453 ubi
1121 1463 1122 1466 Ἴ

98 1480 201 1559 agitur
224 1480 255 1540 in
275 1486 497 1558 contemptum,
521 1479 672 1560 siquidem
692 1499 852 1543 censuram
878 1481 1005 1542 incurrit
1025 1481 1076 1562 qui

98 1567 140 1628 ab
154 1573 273 1629 metum
288 1569 406 1648 cogitur
417 1585 505 1647 agere
521 1568 551 1629 in
565 1574 775 1649 contemptum
790 1569 982 1632 ecclesiastici
999 1569 1076 1648 prae-

97 1657 195 1738 cepti,
218 1657 263 1718 vel
278 1657 329 1736 qui
348 1657 387 1717 ob
402 1665 516 1718 metum
538 1664 689 1738 perpetrat
709 1658 919 1737 gravissimum
942 1657 1074 1730 ntalem,

97 1765 126 1805 v.
140 1765 172 1824 g.
192 1746 216 1807 si
239 1746 422 1825 Episcopum
445 1744 605 1822 occideret,
627 1746 675 1808 vel
693 1745 758 1808 sine
773 1746 980 1824 Jurisdiotione
994 1743 1077 1806 altso

98 1833 248 1896 lutionem
268 1834 516 1896 sacramentalem
537 1835 721 1915 impertiret,
742 1834 813 1914 quia
836 1835 866 1894 in
889 1834 935 1894 his
958 1833 1076 1894 casibus

98 1930 200 1984 metus
214 1940 276 1984 non
291 1929 414 1984 excusat
428 1925 444 1983 a
459 1923 548 2003 culpa
561 1925 651 1984 etiam
664 1929 771 1985 contra
783 1928 965 2002 praeceptum
980 1920 1074 1982 eccle·

97 2010 264 2073 siasticum.
289 2012 468 2085 Quitameo
492 2013 531 2073 ob
556 2019 670 2073 metum
694 2029 814 2092 gravem
840 2010 1021 2070 ministraret
1042 2010 1073 2070 in
1149 2021 1152 2026 ·

96 2101 203 2174 sacris,
221 2119 277 2162 nec
291 2119 451 2162 censuram
465 2119 522 2162 nec
536 2101 784 2180 irregularitatem
800 2101 975 2168 incurreret.
989 2101 1019 2160 S.
1032 2099 1075 2160 Li·

97 2207 185 2268 guor.
204 2189 267 2265 (lib.
284 2195 314 2264 t,
331 2198 363 2249 n⁰
378 2189 441 2270 to).

137 2277 255 2338 Dicitur
276 2281 307 2338 2⁰
329 2297 458 2341 censure
478 2279 731 2359 proportionatum
746 2298 752 2338 :
770 2279 854 2340 Circa
874 2277 956 2360 quod
979 2275 1073 2357 quaeri

97 2373 196 2444 potest
210 2385 248 2428 an
264 2384 400 2428 censurae
413 2366 484 2428 ferri
498 2368 615 2447 possint
628 2375 752 2447 propter
766 2374 922 2446 peccatum
937 2367 1071 2439 veniale,

97 2461 124 2516 et
145 2453 348 2534 respondetur
370 2454 545 2516 affirmative
563 2455 588 2516 si
607 2473 735 2516 censura
756 2455 794 2515 sit
813 2455 885 2516 levis
901 2474 907 2511 :
923 2453 947 2514 si
964 2470 1073 2531 nempe

96 2543 258 2624 suspensio
272 2543 317 2604 vel
339 2543 534 2605 interdictum
555 2543 592 2605 sit
607 2543 645 2604 ad
663 2543 751 2604 breve
770 2547 909 2622 tempus,
924 2547 952 2602 et
972 2540 1073 2619 aliquo

96 2633 215 2694 tarttirm
231 2651 289 2693 usu
305 2651 406 2693 rorum
419 2631 620 2712 spiritualium
635 2631 747 2712 privet;
763 2649 850 2692 secus
865 2630 889 2691 si
904 2628 942 2690 sit
955 2628 992 2690 ad
1003 2647 1074 2688 om-

96 2738 168 2781 nem
189 2739 296 2796 usum,
317 2721 362 2782 rel
385 2721 423 2782 ad
444 2721 569 2798 longum
591 2725 734 2800 tempus:
758 2719 840 2781 unde
863 2717 1021 2798 suspensio
1035 2716 1071 2778 ad

96 2809 226 2890 longum
244 2816 365 2890 tempus
384 2809 442 2870 lata
463 2815 585 2889 propter
602 2808 723 2888 culpam
744 2808 840 2869 levem
863 2814 907 2867 est
925 2805 1069 2880 invalida;

96 2900 198 2959 minor
228 2898 319 2958 etiam
347 2896 619 2958 excommunicatio
646 2896 760 2956 incurri
777 2892 948 2964 poteratob
976 2893 1071 2952 levem

96 2987 240 3068 culpem3
265 3004 352 3048 secus
371 2986 409 3047 de
431 2985 535 3064 rnaj0ri
550 2983 891 3046 excommunicatione:
916 2978 983 3040 vide
1003 2998 1069 3061 cap.

95 3075 211 3138 Nullus
229 3078 279 3152 tl,
299 3093 389 3137 causa
412 3077 460 3149 tl,
477 3093 507 3154 q.
530 3076 566 3144 35
584 3073 697 3135 concil.
721 3072 818 3150 Trid„
837 3089 910 3133 sess.
927 3073 977 3147 25,
995 3089 1022 3132 c.
1040 3073 1069 3148 3,

96 3163 209 3245 Deres.

134 3253 268 3316 Observa
290 3258 392 3314 tamen
415 3253 498 3334 quod
521 3253 645 3313 materia
668 3251 698 3312 in
721 3271 753 3314 se
768 3251 855 3324 levis,
870 3254 967 3331 potest
986 3247 1070 3312 reddi

95 3343 262 3422 graviscas
285 3341 426 3420 adjuncta
440 3341 665 3402 circumstantia
688 3341 835 3412 scandali,
859 3340 1070 3418 ampollonii,

96 3437 145 3492 aut
160 3429 232 3492 fluis
246 3431 370 3506 intenti,
387 3448 422 3490 ac
442 3428 586 3490 similium
603 3447 609 3487 :
627 3428 669 3489 sic
683 3427 846 3488 incurritur
860 3428 1071 3488 excommuni-

96 3520 174 3580 catio
186 3518 228 3580 ob
241 3517 466 3598 percussionem
476 3517 594 3591 clerici,
610 3534 679 3596 quae
694 3517 760 3578 licet
775 3518 811 3576 sit
826 3517 857 3576 in
872 3535 904 3578 se
919 3517 1000 3589 lens,
1015 3516 1072 3577 erit

96 3607 194 3686 gravis
205 3607 246 3668 ob
259 3607 459 3668 reverentiam
470 3607 560 3666 statui
578 3605 708 3666 clericali
722 3604 874 3681 debitam;
898 3605 941 3666 sio
959 3607 1068 3685 pariter
1126 3641 1130 3648 .

98 3697 241 3759 t‘raelatus
262 3701 358 3776 potest
380 3694 536 3775 imponere
559 3710 718 3754 censuram
737 3712 857 3773 gravem
877 3693 913 3753 iis
936 3692 987 3772 qui
1008 3709 1068 3754 nor.

95 3783 302 3846 interveniunt
326 3782 508 3856 processioni
534 3799 591 3860 pro
615 3781 715 3856 aliqua
746 3799 777 3840 re
802 3782 881 3855 arari
908 3781 1093 3840 ordinataet'
