2574 4198
458 303 544 348 cisun
565 301 722 348 sccuunus.
844 331 846 335 .
1020 289 1078 364 ⁶3³,

105 430 121 470 r
139 421 278 480 canones
299 410 346 482 (ut
364 421 392 465 c.
411 406 425 464 l
448 408 478 464 et
497 407 528 479 2,
544 419 632 464 causa
653 404 702 475 to,
719 419 749 479 q.
766 403 801 471 33
816 417 882 478 cap.
901 377 1079 482 Quicumqur

106 517 128 554 r.
140 502 171 556 et
185 511 214 554 c.
231 489 368 567 Placuit)
383 489 583 570 comprobent
595 488 792 550 tricennalem
807 489 856 562 (30
870 487 1075 566 annorum).u

101 583 166 644 lmb
181 581 207 642 si
222 585 329 660 agatur
343 577 380 640 de
394 577 483 640 bonis
503 577 541 640 ad
562 579 732 639 Romanam
750 575 915 636 Ecclesiam
931 575 1079 656 pertinen·

100 669 182 732 tibus
192 667 258 730 sols
268 667 440 728 centenaria
451 667 635 748 praescriptio
649 663 828 746 patrocinari
839 669 948 744 potest,
959 683 995 726 ex
1010 684 1073 748 cap

104 757 151 822 Act
163 753 359 827 audientium,
379 753 423 816 lle
437 755 615 836 Proscript.

139 847 176 906 In
199 843 267 924 lege
285 848 387 904 autem
402 841 480 904 civili
501 845 626 904 romana
650 841 736 923 (lust.
761 839 806 902 tte
824 839 920 923 usuc.)
945 841 1073 904 dieitur:

105 956 119 994 u
140 935 274 995 Cautum
287 938 331 992 est
345 937 379 994 ut
392 949 440 993 res
451 931 574 1012 quidem
590 931 716 992 mobiles
730 948 782 1010 per
794 929 960 990 triennium
974 949 1080 992 usuca-

105 1021 270 1102 «piantur
296 1041 327 1081 n.
359 1019 594 1081 controvertitur
623 1019 699 1080 inter
724 1020 786 1079 DD.
812 1037 850 1079 an
877 1017 935 1080 boc
960 1023 1079 1100 tempus

100 1108 226 1173 triennii
241 1107 378 1170 sufficere
398 1108 492 1170 valeat
509 1108 546 1170 ad
567 1127 614 1170 res
635 1107 761 1168 mobiles
781 1106 922 1168 Ecclesiae
942 1107 1078 1188 praescri-

100 1195 219 1261 bendas
236 1216 244 1256 ε
261 1197 311 1258 alii
332 1195 483 1258 affirmant
503 1202 531 1258 et
551 1197 599 1258 alii
623 1203 744 1276 negant.
770 1197 919 1276 Negantes
942 1197 1079 1260 nituntur

100 1285 284 1360 canonibus,
298 1284 350 1366 qui
368 1287 408 1346 40
420 1303 517 1346 annos
530 1286 688 1366 requirunt
702 1285 739 1346 ad
757 1284 1011 1366 praescriptionem
1023 1285 1077 1348 bo·

101 1392 216 1436 norum
231 1373 504 1435 ecclesiastieorum
519 1375 584 1434 sine
604 1371 795 1434 distinetione
813 1373 891 1434 inter
906 1373 1028 1436 mobilia
1048 1382 1079 1438 et

100 1461 283 1524 immobilia.
302 1461 435 1543 Utraque
454 1463 601 1523 sententia
619 1467 663 1523 est
684 1461 755 1522 sctis
771 1461 934 1542 probabilis
944 1463 1030 1542 justu
1044 1467 1074 1530 S.

102 1553 226 1632 Lignor.
246 1549 334 1632 Apud
351 1568 406 1612 nos
420 1551 452 1612 in
473 1550 566 1612 Gallia
581 1550 702 1611 mobilia
716 1549 779 1611 solt
794 1552 982 1630 possessione
1001 1573 1076 1634 prae-

100 1639 280 1702 scribuntur
295 1636 382 1715 (Cod.
399 1638 470 1713 civ.‚
486 1645 541 1701 art.
558 1638 662 1718 2279),
679 1637 770 1698 modo
783 1645 885 1699 tamen
902 1659 963 1700 non
978 1643 1077 1721 possi-

101 1727 233 1790 deantur
245 1726 332 1788 titulo
343 1727 479 1807 precario
492 1733 544 1788 cut
557 1746 618 1788 non
630 1731 734 1806 agatur
746 1725 885 1788 derebus
898 1729 1016 1790 amissis
1027 1737 1078 1793 aut

101 1815 185 1877 furto
206 1814 331 1876 sublatis
344 1833 424 1896 :pro
446 1815 631 1879 conscientia
649 1821 750 1879 tamen
770 1833 891 1896 semper
911 1821 1077 1882 necessaria

101 1903 285 1986 supponitur
298 1903 378 1966 bona
391 1903 478 1984 fides.

513 2049 667 2098 scflcnuu.
713 2075 715 2080 ·

142 2169 215 2228 778.
238 2166 285 2226 Ex
298 2169 353 2224 art,
370 2167 420 2238 92,
438 2165 555 2227 Decreti
573 2169 613 2228 30
626 2167 691 2230 dec.
710 2173 798 2247 1809,
821 2174 943 2254 quando
957 2173 1077 2240 fabricas

105 2272 166 2316 non
184 2253 243 2314 sibi
262 2251 413 2314 sufficiunt
426 2253 464 2316 ud
477 2255 573 2316 varius
587 2275 733 2337 expensas
754 2265 952 2337 necessarias,
970 2265 1076 2329 subve-

105 2343 167 2404 nire
188 2342 263 2422 ipsis
277 2341 399 2418 debent,
415 2341 446 2403 in
461 2351 608 2424 quantum
623 2354 668 2410 est
682 2366 821 2429 necesse,
845 2356 1076 2418 communitates

102 2431 153 2510 (les
164 2430 355 2514 communes).
425 2437 429 2444 '

141 2520 193 2582 Sic
212 2526 313 2581 autem
336 2523 379 2580 est
402 2519 627 2602 procedendum
643 2545 698 2608 pro
715 2527 888 2591 obtinendis
902 2530 1076 2610 hujusmodi

101 2605 267 2670 subsidiis:
286 2612 315 2668 l⁰
331 2609 424 2670 Actus
441 2611 650 2675 aestimatorius
668 2633 869 2695 expensarum
884 2619 984 2701 (deols)
998 2639 1075 2684 con-

102 2696 205 2760 ficitur
218 2695 265 2757 vel
280 2695 424 2775 c'ttlajore
443 2702 668 2764 communitatis
684 2704 725 2786 (le
739 2707 858 2786 maire),
878 2711 924 2771 vel
938 2712 955 2771 a
970 2709 1075 2772 Praesi·

100 2785 194 2847 dente
208 2784 357 2860 Fabrieae;
380 2789 412 2846 2⁰
433 2785 556 2849 Fabrica
579 2789 724 2854 deliberat
747 2795 826 2856 cirra
849 2798 1007 2860 utilitatem
1025 2808 1078 2863 aut

101 2873 314 2936 necessitatem
336 2874 560 2954 reparationum
583 2879 629 2938 vel
650 2883 925 2960 constructionum;
948 2887 1019 2948 item
1037 2907 1076 2948 an

100 2962 212 3024 habeat
223 2963 370 3042 pecunias
384 2963 579 3040 sufficientem
597 2967 620 3027 si
640 2969 712 3030 verb
729 2987 790 3032 non
809 2971 932 3051 babeat,
947 2976 1077 3058 velitque

100 3055 207 3112 tamen
222 3055 257 3112 ut
270 3049 342 3110 fiant
357 3053 560 3132 reparationes
575 3063 626 3118 cut
640 3061 878 3125 constructiones
894 3066 1074 3146 proposita,

101 3139 208 3201 statuit
226 3156 383 3200 recursum
404 3157 469 3200 esse
491 3140 664 3206 habendum
689 3147 725 3209 ad
747 3154 1014 3232 communitatem,
1038 3157 1076 3218 ad

101 3245 196 3290 uuam
211 3227 390 3307 petitionem
409 3227 527 3309 dirigit,
544 3250 653 3314 rogans
668 3242 702 3297 ut
722 3241 814 3320 qubm
828 3241 971 3305 citissime
985 3263 1077 3326 opera

101 3311 305 3378 conficiantur
313 3334 323 3389 ;
346 3317 523 3398 promittens
538 3337 570 3382 se
588 3325 799 3388 associaturam
814 3334 1023 3396 communitati
1037 3335 1076 3398 ad

101 3402 338 3485 postulandum,
355 3404 379 3466 si
397 3423 475 3484 opus
493 3407 548 3484 sit,
571 3411 739 3475 subsidium
754 3418 772 3477 a
786 3419 948 3499 gubernio;
967 3427 999 3487 3⁰
1014 3444 1075 3488 non

80 3492 203 3607 psplbrn
213 3493 321 3590 petitio
332 3493 475 3569 Fabrieae,
492 3497 544 3558 sed
556 3507 640 3562 actus
654 3503 877 3588 aestimatorius‚
888 3517 918 3573 et
931 3512 1075 3578 delibera·

103 3585 196 3643 tronis
209 3589 343 3642 exaratio
366 3581 454 3644 simul
477 3603 547 3647 eum
570 3587 701 3671 budgeto
721 3595 854 3660 Fabrieae
874 3601 912 3661 ab
929 3604 1075 3685 Episcopo

102 3669 272 3751 approbata
292 3671 401 3730 remitti
425 3671 535 3735 debent
555 3677 658 3757 Majori
683 3689 923 3768 communitatis;
942 3697 975 3755 4⁰
998 3697 1075 3758 Casu

104 3775 165 3837 quo
193 3755 361 3818 Consilium
383 3760 563 3841 Municipalc
588 3767 760 3846 petitionem
783 3777 916 3840 Fabricae
943 3780 1074 3860 benigne
