2618 4212
392 289 396 299 .
495 263 497 266 ·
562 249 720 319 APPdNDlX·

625 449 650 500 11

189 570 234 632 Ex
249 569 300 631 his
315 568 462 631 remediis
480 568 540 630 alia
554 569 765 647 praeveniunt,
782 571 962 649 reprimunt
976 581 1006 634 et
1023 574 1129 635 mede·
1171 636 1177 642 ,
1274 586 1287 597 ·

149 661 209 720 lam
234 657 379 719 afferunt.
400 656 504 719 Priora
535 657 573 717 ed
603 657 665 718 hoc
688 657 868 736 diriguntur
891 666 924 720 ut
952 659 1128 738 impediant

146 745 319 826 quominus
341 742 632 816 malumadveniat,
658 752 691 804 ut
714 745 853 807 scandali
875 746 1008 820 stimuli,
1032 766 1124 809 occsa

146 836 251 900 siones
267 833 459 907 voluntariae,
475 849 640 911 causaeque
655 831 694 892 ad
707 831 957 914 delinquendum
975 835 1126 914 proxi-mm

146 921 380 986 removeantur.
414 920 518 981 Altera
552 918 647 980 duem
665 919 795 980 vhulteut
821 921 990 982 revocandi
1019 921 1123 984 delin-

145 1017 281 1092 quentes
296 1016 329 1070 ut
342 1009 467 1090 sapiant
479 1014 688 1088 reperentque
706 1006 835 1070 admissi
856 1007 999 1072 criminis
1012 1027 1123 1073 eonse-

147 1097 306 1180 quentiae.

617 1225 651 1274 lll
728 1217 732 1224 ⁴

184 1336 432 1420 Conscientireet
447 1330 805 1412 pr·udentiae‘0rdiuerii
828 1333 942 1396 horum
964 1335 1121 1398 remedio·

146 1445 216 1490 rum
254 1423 410 1487 incumbit
443 1421 627 1501 applicatio,
652 1422 742 1495 juxta
769 1433 930 1484 canonum
959 1426 1123 1506 praescrip·

146 1519 258 1589 tiones,
273 1523 304 1576 et
318 1527 449 1575 caseum
465 1509 752 1590 adjunctorunrque
767 1510 962 1589 gravitatem.

615 1684 646 1732 tv

185 1796 376 1875 Mediisquae
397 1800 589 1875 praeserraut
610 1790 780 1872 praecipuis
803 1799 1011 1854 accensentur
1030 1793 1123 1875 spiri-

146 1889 243 1950 tualia
258 1883 416 1957 exercitia,
434 1881 624 1944 monitiones
634 1888 664 1940 et
682 1886 849 1960 prrecepta.

628 2037 647 2085 tl

183 2145 245 2208 llas
260 2141 453 2221 provisiones
474 2137 649 2216 precedere
663 2136 755 2198 debet
776 2138 948 2200 summaria
974 2137 1043 2201 facti
1067 2159 1121 2202 oo·

144 2235 243 2318 gnilio
255 2249 326 2313 quae
337 2227 550 2290 abOrdinario
565 2225 703 2288 notanda
713 2233 770 2300 est,
785 2234 820 2286 ut
834 2225 1030 2290 adulteriora
1049 2249 1121 2308 pro-

144 2324 274 2391 cedere·
289 2326 446 2397 quatenus
459 2332 541 2393 opus
555 2313 605 2389 sit,
624 2321 654 2375 et
679 2312 842 2376 certiorem
868 2315 999 2377 reddere
1025 2325 1119 2397 queat

143 2411 338 2494 superiorem
353 2405 588 2480 Auctoritatem,
605 2402 636 2464 in
654 2420 728 2464 casu
743 2402 873 2481 legitimi
887 2420 1047 2468 recursor.

614 2579 645 2625 Vl

182 2684 348 2751 Canonium
361 2678 647 2750 monitionesliunt‚
661 2675 767 2738 sivein
780 2671 882 2737 forma
893 2682 1022 2752 paterna
1034 2685 1063 2738 et
1078 2698 1122 2741 se-

141 2785 225 2841 creta
242 2792 296 2856 per
311 2770 476 2854 epistolam
492 2775 545 2828 aut
558 2785 612 2847 per
627 2763 848 2845 interpositam
866 2781 1044 2843 personam,
1058 2767 1122 2828 sire

142 2868 174 2928 iu
188 2863 288 2927 lorma
302 2859 407 2941 legali,
425 2858 466 2918 ita
489 2863 593 2918 tamen
617 2861 653 2916 ut
678 2852 717 2914 de
736 2852 920 2914 earumdem
937 2853 1121 2916 executione

141 2959 262 3016 constet
277 2968 314 3013 er
330 2947 438 3026 aliquo
451 2950 535 3008 actu.

615 3092 651 3131 l'tl

182 3179 342 3250 Quatenus
380 3179 582 3247 infructuose
617 3187 805 3247 monitiones
837 3189 995 3268 stradam,
1032 3192 1123 3270 Ordr7

142 3266 253 3329 narius
273 3268 414 3349 praecipit
441 3269 541 3333 Curiee
558 3283 590 3334 ut
609 3271 808 3353 delinquenti
828 3275 997 3358 analogum
1014 3281 1124 3362 injun-

142 3364 235 3437 gatur
259 3366 463 3437 praeceptum,
494 3361 524 3421 in
541 3379 605 3441 quo
619 3361 795 3424 declaretur
809 3364 885 3443 quid
901 3366 1003 3432 cidem
1025 3391 1123 3456 agen.

140 3445 221 3508 dum
245 3453 300 3508 aut
317 3448 527 3512 omittendum
550 3451 590 3512 sit
609 3469 680 3514 oum
697 3453 918 3532 respondentis
941 3476 1044 3538 poenae
1070 3486 1122 3530 ec-

141 3532 323 3598 clesiastieae
337 3536 594 3639 comminatione,
608 3558 703 3624 quum
719 3541 859 3640 incurret
869 3544 903 3644 ,ip
915 3562 1120 3639 ¹⁸03&th

87 3601 110 3699 J
140 3623 321 3704 grossioris.
365 3627 471 3732 pff-l..
504 3697 506 3706 ,
