2552 4204
513 343 599 392 urum
621 343 752 391 rannus.
1062 329 1123 392 '159

137 443 233 506 etiam
247 444 370 522 laicum,
385 464 578 520 conversum,
592 444 741 506 novitium
752 445 909 526 utriusque
924 446 1031 524 sexbs3
1048 449 1119 512 item

138 533 306 610 tertiarios,
331 535 356 596 si
383 542 502 617 gestent
520 534 658 596 habitum
682 537 710 594 et
732 532 875 594 vivantin
890 537 1118 601 communitate.

138 622 208 683 Non
223 624 389 704 requiritur
400 631 434 687 ut
447 625 620 688 [nstitutum
631 621 668 682 sit
678 623 818 703 expresse
833 624 850 683 b
863 624 893 685 S.
907 625 1052 689 Pontifice
1064 645 1121 708 ap·

138 710 317 789 probatum;
343 712 452 776 sufficit
471 719 506 777 ut
517 712 606 774 tacita
619 710 713 792 ipsius
727 711 904 774 auctoritate
918 713 1076 792 subsistat,
1092 723 1122 779 et

140 797 216 861 inibi
229 799 344 864 vivatur
358 805 415 867 sub
428 803 567 876 Praeiato,
577 799 632 863 etsi
643 817 705 861 non
716 798 768 860 tiat
779 800 937 880 professio.
952 800 1035 864 idem
1050 805 1123 868 dicu

142 883 262 967 Faguun
290 889 328 952 dc
357 891 535 954 mulieribus
557 887 788 952 conviventibus
811 887 841 950 in
875 893 1121 960 conservatoriis.

141 974 224 1040 item
239 979 370 1042 itenzius
383 981 422 1043 de
436 979 640 1043 Seminaristis
650 981 681 1038 et
695 977 796 1059 pueris
809 977 1008 1059 collegiorum
1022 981 1123 1044 cccle-

143 1064 348 1129 siasticorum.

179 1153 296 1218 Dicitur
310 1161 343 1218 b·
369 1156 520 1220 Violentus
533 1175 653 1227 munus,
668 1153 807 1217 suadente
817 1155 955 1232 diabolo,
971 1158 1120 1240 injecerit.

139 1241 199 1305 Por
222 1242 282 1306 boc
306 1245 484 1328 intelligitur
505 1246 620 1327 quaevis
646 1245 865 1308 contumeliosa
880 1245 959 1308 actio
974 1249 1120 1325 exterior,

141 1332 289 1408 mortalis,
303 1334 382 1398 circa
393 1335 497 1398 clerici
506 1335 555 1397 vei
566 1333 706 1416 monachi
720 1352 895 1414 personam,
906 1334 953 1396 vel
965 1336 1123 1400 rescidem

140 1419 352 1498 adherentes,
368 1423 428 1486 sive
444 1423 495 1486 fiat
508 1441 623 1498 manu,
639 1422 765 1495 bacuio,
781 1422 899 1504 gladio,
915 1429 973 1486 etc.

181 1513 249 1573 Non
264 1510 374 1575 sufficit
389 1520 420 1574 ut
434 1512 502 1594 quis
524 1513 647 1593 signum
674 1511 881 1593 percussionis
904 1511 1011 1591 faciat,
1025 1520 1060 1578 ut
1073 1515 1122 1576 in·

141 1606 245 1663 currat
268 1599 641 1664 excommunicationem:
666 1598 719 1662 sed
733 1599 852 1680 quoties
873 1603 1046 1680 percussio,
1067 1605 1123 1666 etsi

140 1687 231 1766 levis,
246 1689 310 1751 imo
323 1682 472 1752 levissima
488 1693 665 1769 pertactum
677 1687 850 1770 physicum,
861 1688 1125 1772 existimaturgra·

141 1777 245 1840 viter
237 1777 398 1860 injuriosa,
423 1776 533 1840 sufficit
554 1776 593 1838 ad
612 1787 774 1860 censuram
789 1776 1018 1842 incurrendam.
1033 1781 1122 1842 Com·

141 1867 391 1930 muniterautem
417 1869 481 1930 DD.
505 1864 664 1928 advertunt
682 1847 827 1946 qubdhic
854 1863 953 1926 canon
965 1869 1122 1947 ‚proutin

142 1955 275 2018 favorem
290 1956 471 2019 clericorum
488 1962 658 2030 emanatus,
674 1972 736 2016 non
751 1954 853 2016 stricte
865 1953 918 2015 sed
928 1955 1074 2020 tutissime
1085 1959 1124 2021 sit

143 2045 370 2127 intelligendus

182 2137 254 2198 894.
276 2135 363 2199 Unde
378 2133 543 2196 incurritur
555 2131 622 2196 haec
635 2131 908 2196 excommunicatio
924 2151 933 2195 ι
949 2135 980 2196 t·
996 2136 1125 2208 Quando

144 2224 215 2306 quis
233 2223 381 2287 clericum
395 2222 442 2285 vel
464 2221 649 2285 monachum
671 2221 826 2304 conspuit,
842 2223 1015 2305 conspergit
1025 2228 1122 2306 aqut,

143 2313 278 2396 pulvere,
289 2312 368 2387 luto;
383 2309 430 2374 vel
443 2310 487 2374 illi
498 2310 596 2374 evellit
611 2310 721 2382 crines,
736 2310 846 2373 lacerat
856 2311 923 2390 ejus
933 2320 1049 2387 vestes,
1067 2314 1123 2376 eri·

145 2404 189 2483 pit
213 2400 330 2484 aliquid
341 2400 379 2462 ab
393 2418 430 2463 eo
443 2417 498 2481 per
511 2401 573 2462 vim
587 2405 617 2462 et
631 2399 790 2479 injuriam,
803 2418 831 2460 v.
853 2418 898 2479 g,
913 2399 1042 2479 pileum,
1057 2403 1121 2483 pai-

144 2490 236 2566 lium,
259 2509 313 2572 per
336 2489 487 2552 actionem
513 2497 615 2552 tamen
634 2488 764 2570 graviter
786 2487 985 2568 injuriosam3
1016 2493 1049 2549 2⁰
1068 2493 1121 2571 qui

144 2578 301 2642 concludit
325 2584 378 2642 aut
404 2579 550 2642 viotenter
567 2578 682 2640 detinet
710 2593 781 2638 eum
805 2575 984 2648 incarcere,
1000 2578 1124 2640 veltuco

145 2669 228 2733 unde
248 2669 314 2731 sine
332 2666 480 2731 dedecore
501 2686 563 2730 non
584 2672 680 2747 potest
699 2665 799 2740 exire;
821 2668 853 2727 3⁰
864 2665 915 2745 qui
930 2668 1123 2748 persequitur

145 2765 179 2820 ut
205 2755 389 2832 indumen,
412 2756 523 2818 iussam
543 2754 683 2832 incidat,
706 2773 787 2835 equo
802 2753 935 2830 decidat,
956 2762 1014 2818 etc.
1032 2776 1039 2816 :
1067 2775 1124 2820 nec

145 2847 263 2911 videtur
273 2845 409 2908 excusari
425 2846 585 2908 acensurt
594 2841 760 2924 explodens
769 2843 909 2922 sclopum
921 2843 953 2904 in
965 2844 1122 2922 clericum,

146 2937 200 3020 qui
225 2936 265 2998 ob
282 2943 398 2997 metum
419 2935 567 2996 exanimis
588 2932 724 3007 caderet,
741 2929 808 2993 iicet
821 2933 839 2992 'a
851 2930 941 3011 globo
956 2949 1019 2992 non
1033 2933 1122 2994 attin·

125 3051 128 3055 ·
147 3031 284 3108 geretur,
306 3024 377 3106 quia
396 3030 469 3085 tuuc
487 3021 653 3104 explodens
667 3027 712 3083 cst
729 3037 820 3082 causa
841 3037 896 3102 per
909 3038 941 3082 se
955 3021 1021 3082 talis
1032 3021 1124 3084 iaesio

147 3117 207 3193 uis;
221 3118 255 3176 i·
267 3113 320 3196 qui
333 3130 443 3174 manus
456 3112 602 3174 violentas
613 3110 725 3192 injicit
723 3110 755 3171 in
765 3127 880 3192 equum
898 3110 948 3172 cui
960 3109 984 3170 is
997 3110 1120 3190 insedit;

147 3210 181 3270 5·
205 3203 259 3286 qui
283 3201 397 3284 aliquid
425 3201 668 3301 supradictorum
695 3199 779 3272 iacit,
805 3199 897 3261 etiam
915 3199 1124 3264 consentiente

147 3294 271 3368 clerico,
287 3289 455 3353 dummodo
469 3289 507 3350 sit
521 3289 703 3368 injuriosum
718 3286 816 3348 ordini
830 3285 959 3349 clericali
973 3285 1053 3369 (cap.
1067 3289 1123 3352 Ne

147 3385 257 3457 moti,
274 3383 347 3461 q.;5
363 3385 393 3440 et
406 3397 471 3458 cap
493 3376 655 3458 Conticuit,
668 3375 791 3438 desem.
803 3379 1046 3475 eeeommumffc)
1061 3378 1125 3442 imo

147 3473 277 3538 clericus
294 3467 504 3542 consentiens,
520 3483 558 3528 ex
576 3461 685 3528 eodem
698 3483 781 3547 cap,
796 3465 888 3527 etiam
909 3470 1123 3530 excommuni-

147 3559 259 3626 cationi
276 3557 395 3631 subest,
409 3555 463 3617 sed
481 3554 545 3617 baec
563 3561 609 3616 est
628 3555 745 3616 tantum
759 3552 891 3617 terendae
901 3558 1059 3618 sententie
1074 3574 1083 3618 ι
1098 3557 1123 3620 si

149 3663 251 3714 tamen
261 3662 429 3711 consensus
442 3643 542 3707 clerici
558 3641 688 3706 auferret
699 3643 841 3724 iujuriam
856 3642 895 3705 ab
907 3645 1037 3723 actione,
1053 3651 1123 3725 puta

149 3743 174 3804 si
187 3738 317 3806 clericus
329 3739 442 3815 peteret
458 3731 534 3796 cedi
548 3732 586 3794 ab
600 3731 659 3814 aiio
672 3736 707 3794 ut
720 3749 774 3794 sua
789 3732 884 3794 lueret
897 3742 1033 3812 peccata,
1051 3739 1124 3794 tunc

149 3822 425 3894 excommunicatio
434 3839 496 3884 non
505 3821 818 3900 incurreremus-qui
831 3819 1123 3898 percutitciericum.
