2574 4198
182 256 237 316 ³372
455 221 603 313 abrorum
625 265 707 310 runis
727 262 869 308 canuntur

183 368 268 440 ,ioenal
281 383 342 426 non
357 366 471 438 eximit,
489 367 546 428 nisi
561 367 688 446 ipsamet
701 364 748 424 lex
761 358 895 424 notitiam
909 381 1007 442 poenae
1020 369 1155 448 requirat

184 460 219 513 ot.
227 453 320 534 possit
332 455 457 530 incurri,
468 455 514 516 vel
529 455 585 516 nisi
601 455 665 516 haec
680 471 769 532 poena
783 459 820 512 sn
834 453 1007 532 gravissima
1023 463 1053 516 et
1067 475 1154 520 erce·

183 541 255 602 lens
270 543 410 604 meritum
423 543 568 620 criminiS,
580 545 624 605 vel
640 559 728 624 poena
738 543 803 619 ejus
817 541 855 600 sit
869 547 983 602 naturae
995 545 1080 623 quod
1095 565 1155 609 non

186 629 273 705 possit
287 630 399 694 incurri
412 632 477 694 sint
491 634 556 710 ejus
572 633 686 707 notitia,
700 637 791 711 prout
804 637 873 690 sunt
887 648 1025 693 censurae
1038 641 1068 694 et
1083 634 1157 700 lortc

186 719 462 797 irregularitatesex
477 721 585 803 delicto
601 741 609 782 ι
626 738 696 782 nain
720 717 761 780 ibi
784 725 881 797 potest
904 737 969 780 esse
991 739 1082 800 poena
1106 726 1157 788 ubi

186 803 264 866 adest
277 806 419 870 delictum
432 830 439 882 ;
456 811 561 890 porro,
574 809 664 871 etiam
678 826 750 870 casu
765 825 826 886 quo
842 807 1034 886 ignoraretur
1047 830 1157 890 poena,

186 891 325 957 delictum
348 916 507 960 occurrere
531 905 645 979 potest,
675 897 747 959 olim
778 896 964 958 etiamtunc
989 899 1037 959 lex
1062 908 1159 982 potest

187 984 312 1046 scienter
327 986 445 1060 violari;
461 1006 551 1068 ergo,
566 995 623 1050 etc.

223 1095 257 1152 2⁰
277 1094 354 1155 Casu
366 1113 427 1176 quo
441 1096 596 1176 ignoratur
610 1096 657 1156 lex
671 1093 735 1156 :vel
749 1093 812 1155 haec
824 1093 869 1156 let
884 1099 927 1156 ast
942 1095 1068 1174 positiva
1081 1097 1160 1162 dun-

187 1186 278 1258 taxat,
302 1190 331 1242 et
352 1189 424 1244 tuno
445 1185 469 1244 si
489 1183 656 1264 ignorantia
679 1183 716 1243 sit
730 1182 926 1258 invincibilis,
942 1185 1013 1244 clim
1037 1197 1162 1252 excuset

189 1272 259 1329 tunc
272 1271 398 1332 omninb
412 1275 428 1332 a
443 1280 583 1353 peccato,
599 1289 740 1333 excusare
758 1271 848 1332 etiam
863 1271 981 1332 debete
997 1279 1090 1352 poena
1113 1297 1120 1338 :
1138 1279 1181 1340 si'·

189 1357 255 1416 verb
275 1357 312 1418 sit
329 1361 446 1421 tantum
466 1361 627 1438 vincibilis,
652 1379 709 1422 neo
730 1360 746 1421 lt
767 1367 902 1441 peccato,
923 1379 980 1423 nec
999 1365 1162 1441 proindea

189 1447 422 1524 poenaexcusat.
1121 1474 1123 1480 ’

227 1553 257 1612 Si
273 1553 320 1614 lex
334 1555 468 1635 ignorata
482 1559 538 1632 sit,
559 1577 621 1620 non
642 1557 741 1619 solbm
756 1557 894 1638 positiva,
910 1558 962 1620 scil
981 1560 1073 1622 etiam
1087 1563 1164 1644 juris

189 1643 345 1722 naturalis,
359 1663 397 1706 an
410 1646 579 1728 ignorantia
593 1647 686 1708 solius
696 1646 774 1728 juris
789 1646 906 1726 positivi
921 1655 1045 1710 excuset
1057 1660 1133 1714 tunc
1147 1656 1162 1715 a
1177 1652 1179 1658 ’

165 1776 168 1783 .
191 1735 277 1808 pirna
297 1732 361 1793 non'
377 1735 503 1796 omnino
524 1736 641 1816 liquet:
659 1735 785 1814 quaestic
807 1733 916 1796 dicitur
938 1743 1163 1805 controversae

189 1820 218 1881 S;
235 1823 356 1902 Lignor.
376 1825 428 1904 qui
443 1826 622 1886 sententiam
645 1818 842 1884 affirmantem
862 1824 1099 1902 probabiliorem
1121 1850 1164 1893 re·

191 1917 272 1988 putat
284 1909 349 1991 (lib.
364 1915 394 1988 6,
411 1921 444 1972 n⁰
466 1914 568 1994 tuta),
585 1913 670 1992 quia,
686 1914 762 1974 sicut
775 1911 944 1992 ignorantia
959 1914 989 1974 in
1005 1935 1078 1980 casu
1095 1938 1165 2001 sup-

191 1999 285 2076 posito
308 2007 430 2060 excusat
452 2003 469 2062 tt
492 2003 650 2062 violatione
673 2002 747 2081 legis
777 2001 924 2080 positivae,
949 2001 988 2064 ita
1018 2024 1164 2070 excusare

189 2085 302 2146 delicta
316 2089 405 2166 poena
415 2095 536 2169 propter
550 2089 630 2150 illam
640 2089 830 2150 violationem
845 2093 951 2150 statuta
964 2109 971 2150 :
983 2091 1049 2155 haec
1062 2100 1165 2158 tamen

85 2237 90 2243 ,
190 2174 263 2234 ratio
276 2193 337 2236 non
347 2175 464 2261 videtur
477 2177 603 2257 probare
619 2196 672 2257 pro
687 2195 756 2238 casu
768 2195 828 2257 quo
838 2195 927 2258 poena
939 2185 1047 2242 statuta
1060 2181 1167 2247 fuisset

190 2281 244 2342 pro
256 2264 416 2326 violatione
433 2266 523 2326 ctiam
538 2266 615 2346 legis
630 2266 791 2340 naturalis,
813 2273 916 2346 prout,
933 2270 1013 2348 saepe
1036 2272 1164 2350 saltem,

138 2407 142 2414 .
189 2350 305 2414 videtur
318 2353 462 2416 accidere.
479 2355 626 2416 Caeterum
642 2357 673 2415 in
688 2354 753 2415 foro
768 2359 892 2414 externo
907 2355 1078 2435 ignorantia
1090 2361 1166 2446 legis

191 2458 250 2502 non
266 2443 471 2522 praesumitur,
490 2443 542 2505 sed
562 2451 605 2504 est
617 2442 786 2524 probanda,
804 2441 860 2503 nisi
875 2451 1014 2523 ageretur
1032 2446 1072 2508 de
1094 2469 1165 2530 per-

189 2531 271 2592 sonis
285 2533 412 2594 omnino
426 2532 579 2594 illiteratis.

227 2637 310 2699 Noto
332 2637 431 2718 qubtl,
454 2638 478 2700 si
502 2657 589 2718 poena
611 2639 648 2699 sit
669 2636 779 2699 indicta
803 2639 1074 2718 praesumentibus,
1102 2643 1165 2706 sive

190 2729 316 2800 temere,
333 2727 470 2788 consulto
488 2735 539 2788 aut
557 2728 685 2788 scienter
708 2727 917 2808 peccantibus,
942 2725 1017 2790 tunc
1038 2741 1166 2796 excusat

190 2815 451 2896 ignorantiaetiam
461 2834 570 2894 crassa,
582 2835 643 2877 non
655 2824 754 2876 tamen
763 2815 987 2896 affectata'quaa
997 2817 1082 2881 adest
1090 2823 1166 2904 cum

190 2905 256 2988 quis
278 2905 410 2966 studiose
429 2904 555 2984 negligit
572 2905 649 2966 scire
665 2907 777 2985 legem,
793 2913 825 2966 ut
844 2904 967 2996 liberibs
983 2915 1051 2987 agat
1067 2927 1076 2970 t
1092 2911 1165 2992 quia

191 2992 254 3056 talis
267 2995 433 3075 ignorantia
447 2995 578 3054 scientia
595 2994 806 3074 aequiparatur.

226 3100 296 3162 aut.
319 3093 442 3167 Quaerit.
458 3096 490 3154 3·
504 3092 632 3164 Quinam
648 3093 762 3174 possint
776 3112 882 3172 poenas
895 3094 1082 3158 decernere?

226 3205 316 3282 Resp.
335 3201 385 3262 Vel
397 3199 445 3279 agi
459 3199 497 3261 de
511 3200 607 3280 poenis
621 3198 639 3260 a
652 3200 727 3281 lege,
743 3207 851 3264 statuto
864 3209 915 3264 aut
927 3204 1069 3267 mandato
1083 3225 1164 3272 con-

192 3290 306 3365 stitutis,
317 3289 364 3352 vel
378 3289 416 3350 de
425 3289 521 3370 poenis
531 3289 568 3350 ab
577 3288 700 3351 homine
714 3307 767 3369 per
779 3293 958 3353 sententiam
973 3293 1161 3361 inferendis:

191 3381 221 3441 in
237 3379 335 3462 prame
354 3395 442 3456 caan,
466 3377 521 3440 soli
545 3397 649 3458 poenas
669 3377 831 3441 decernere
853 3379 952 3442 valent
974 3383 1025 3462 qui
1041 3383 1141 3465 legem
1149 3407 1168 3466 ',·

191 3474 333 3532 statutum
343 3473 395 3530 aut
406 3467 581 3530 mandatum
591 3466 721 3529 condere
734 3467 781 3530 vel
790 3467 888 3530 facere
897 3479 1039 3551 possunt:
1053 3475 1161 3554 quales

191 3565 276 3632 sunt,
290 3576 352 3620 non
368 3557 465 3620 solum
481 3558 511 3618 S.
527 3557 674 3629 Pontilex,
688 3555 739 3618 sed
754 3556 845 3618 etiam
859 3559 999 3640 Episcopi
1013 3568 1042 3622 et
1057 3564 1161 3643 plures

197 3647 236 3708 ilii
251 3646 356 3708 Prolati
368 3645 606 3726 jurisdictionem
624 3645 708 3726 quasi
723 3645 931 3728 ltpiscopalem
946 3647 1102 3714 habentes.
1118 3652 1159 3716 In

194 3735 396 3813 secunduma,
409 3734 463 3798 soli
477 3734 529 3813 uui
544 3733 675 3813 legitime
684 3733 802 3813 judices
815 3737 967 3816 constituti
985 3736 1070 3803 luera
1084 3761 1156 3806 cum
