2552 4204
165 273 223 334 758
436 287 588 332 crannum
607 285 690 330 runis
711 285 859 332 canonica.

169 411 183 448 a
203 387 356 470 recipiat.»
374 384 500 448 Praeiata
514 383 786 446 excommunicatio
796 385 960 450 incurritur
975 385 1041 468 ipsc
1051 385 1144 448 laeto.

204 477 319 539 Dicitur
331 476 361 539 1ο
374 473 411 538 st
423 471 658 556 quiaproinde,
678 472 899 556 cujuscumque
914 474 1021 552 sextis,
1035 476 1146 544 statds,

165 565 271 638 aetatis,
287 561 517 626 moderationis
531 560 680 642 compotis
694 568 723 622 et
735 560 796 624 doli
807 563 925 645 capacis
940 561 1022 646 (cap.
1036 561 1148 624 llnlie·

165 674 210 718 res
226 659 255 717 et
279 672 346 734 cap.
371 651 495 720 Pueris,
518 647 553 712 de
566 657 637 712 sent.
650 651 808 732 excomm.)
824 651 897 714 :sed
913 651 1094 734 impuberes
1108 649 1147 712 ab

165 741 321 824 Episcopis
345 739 456 803 absolvi
480 743 623 820 possunt,
649 738 740 800 etiam
763 741 993 821 eparcussione
1006 738 1143 814 enormi,

72 834 75 839 “
166 829 236 894 licet
245 829 467 894 absolutionem
477 832 545 909 post
558 826 747 907 pubertatem
761 828 926 904 postulent.

204 918 381 982 Extenditur
392 915 519 980 canonis
532 915 648 976 sanctio
662 915 801 978 etiamad
814 917 974 981 efficaciter
987 917 1147 980 mandan-

167 1013 228 1084 tes,
253 1007 447 1072 consulentes
472 1010 501 1066 et
528 1003 771 1082 consentientes3
788 1005 916 1087 proinde
931 1007 1103 1087 requiritur
1115 1012 1150 1069 ut

168 1095 320 1177 percussio
332 1097 368 1156 de
384 1094 461 1156 facto
473 1092 611 1168 eveniat,
627 1099 656 1155 et
670 1094 801 1174 graviter
811 1095 843 1157 in
853 1114 921 1158 eam
936 1095 1048 1158 inlluat
1058 1113 1146 1156 man·

167 1185 270 1248 datum
280 1234 288 1256 .
299 1183 472 1259 consilium,
487 1188 545 1244 etc.
562 1183 603 1243 lta
615 1183 829 1260 communiter,
841 1203 879 1247 cx
893 1203 960 1266 cap.
981 1181 1104 1259 Quanto
1119 1190 1150 1244 et

38 1267 40 1270 ’
155 1293 234 1354 cap.
249 1273 408 1345 illationes,
425 1269 461 1333 de
471 1279 591 1332 sentent.
609 1290 750 1335 excomm.
769 1273 799 1335 Si
815 1273 883 1355 quis
909 1273 1026 1336 diceret
1040 1290 1149 1336 coram

167 1363 251 1424 suis:
269 1363 354 1444 cupio
367 1359 526 1422 vr'ndr'etcm
546 1358 616 1420 talis
627 1359 733 1422 elerici
741 1408 750 1436 ,
764 1361 935 1442 praevidens
947 1380 985 1426 ex
1006 1379 1044 1424 eo
1064 1359 1149 1424 dioto

168 1469 239 1512 eum
271 1469 336 1513 esse
361 1449 612 1532 percutiendum,
651 1449 819 1512 incurreret
849 1449 1149 1514 excommunicatio-

170 1557 255 1616 nem,
272 1541 296 1604 si
311 1541 415 1602 revera
433 1537 541 1600 exinde
555 1538 683 1600 clericus
698 1543 916 1620 percuteretur.

207 1630 305 1692 Etiam
318 1628 524 1692 ratihabentes
542 1627 701 1690 incurrunt
721 1627 1072 1691 excommunicationem
1090 1628 1150 1711 (Ex

169 1738 235 1802 cap.
255 1718 327 1784 Cion
343 1719 428 1800 quis,
451 1716 485 1778 de
498 1725 618 1779 sentent.
637 1716 795 1799 excomm.)
812 1721 868 1780 :l0
882 1717 907 1778 si
923 1717 1078 1799 percussio
1091 1737 1150 1781 eo-

170 1827 238 1872 rum
267 1809 393 1872 nomine
411 1814 462 1869 aut
476 1807 507 1868 in
523 1825 627 1868 eorum
646 1807 773 1888 gretiam
787 1807 865 1872 iacta
880 1807 983 1882 fuerit3
1000 1809 1033 1868 2⁰
1047 1807 1070 1868 si
1083 1807 1150 1870 haec

170 1896 327 1959 ratificatio
339 1897 462 1958 externe
477 1895 679 1976 significetur3
693 1898 725 1958 3⁰
738 1896 761 1956 si
777 1895 900 1976 quando
914 1897 1072 1978 percussio
1082 1914 1151 1958 eve-

172 1985 216 2048 nit
238 1985 351 2049 iuerint
375 1981 489 2046 habiles
502 1983 540 2046 ad
555 1983 785 2047 ratihabendum
809 1984 915 2046 saltem
930 1982 1124 2048 habitualiter
1140 2005 1147 2046 :

171 2091 233 2137 non
257 2074 340 2136 enim
364 2075 554 2136 incurrerent
580 2071 605 2134 si
631 2082 731 2135 essent
748 2080 903 2147 amentes,
932 2073 1012 2137 bene
1030 2075 1103 2136 verb
1124 2075 1149 2138 si

170 2167 244 2226 tunc
257 2167 357 2224 essent
370 2161 444 2226 ebrii
458 2167 509 2224 aut
523 2160 718 2226 dormientes.
733 2165 775 2224 lta
787 2162 1005 2225 communiter.

182 2263 187 2272 '
210 2253 285 2313 ltem
300 2269 362 2313 non
388 2249 604 2333 impedientes,
626 2249 651 2312 si
665 2251 812 2314 exofficio
826 2249 906 2312 adid
920 2257 1101 2326 teneantur,
1115 2259 1150 2316 ut

171 2358 273 2420 reges,
292 2338 409 2418 judices
422 2346 451 2401 et
465 2337 566 2402 caeteri
586 2339 758 2422 superiores
769 2385 778 2414 ,
791 2343 891 2422 patrer
902 2384 910 2418 ,
922 2345 1054 2415 tutores,
1069 2340 1145 2415 hen,

172 2427 338 2506 pedagogi,
350 2427 489 2506 parochi.
503 2433 561 2490 ete.

224 2507 333 2584 llodie,
356 2515 424 2590 post
437 2509 469 2574 (l.
486 2510 588 2592 Apcxt.
603 2509 690 2590 Sed,
704 2508 761 2572 soli
776 2506 986 2588 percurrentes,
1003 2518 1066 2563 non
1081 2501 1151 2562 verb

184 2598 373 2670 mandantes,
384 2598 597 2676 ratibalrentce,
608 2605 681 2674 etc,
692 2592 1037 2662 excommunicationem
1052 2594 1151 2652 incur·

184 2693 266 2760 runt,
278 2688 334 2748 nisi
345 2687 383 2752 de
393 2688 524 2770 l‘raeletie
533 2687 738 2771 superioribus
750 2689 904 2772 agatnen
913 2689 987 2748 tuno
995 2696 1146 2744 excomm.

184 2779 229 2838 cet
242 2776 411 2856 specialiter
420 2784 579 2842 reservato.

223 2865 338 2929 Dicitur
346 2869 379 2931 2⁰
390 2866 539 2932 Claa'rnm
553 2895 559 2930 :
576 2885 638 2950 quo
653 2863 775 2930 nominc
789 2860 963 2944 intelligitur
974 2857 1078 2950 omnis
1089 2855 1147 2919 sal·

184 2957 245 3018 tem
260 2957 358 3036 prima
371 2959 495 3021 tonsure
516 2955 660 3032 initiatus,
679 2957 747 3018 licet
761 2953 952 3034 conjugatus,
974 2946 1145 3013 dummodo

176 3060 255 3128 ,cum
269 3047 358 3108 unica
371 3046 498 3126 virgine,
517 3044 631 3108 delerat
644 3045 791 3117 habitum,
807 3041 977 3122 serviatque
988 3047 1081 3102 certae
1094 3057 1144 3102 eu·

183 3133 291 3197 clesiae.
317 3133 392 3196 ltem
410 3135 501 3196 etiem
518 3135 811 3209 excommunicatus,
831 3130 895 3195 imd
910 3128 1106 3212 degradatus,
1120 3128 1144 3190 si

183 3220 357 3302 degradatio
370 3223 407 3284 sit
422 3223 546 3286 verbalis
561 3226 688 3288 tantiam.

223 3341 261 3358 —
275 3309 342 3373 Non
357 3312 484 3375 incurrit
494 3312 565 3376 verb
578 3313 632 3394 qui
644 3314 771 3396 percutit
784 3310 929 3376 clericum
940 3305 1099 3390 bigamum
1112 3327 1145 3375 ex

183 3399 257 3462 reali
272 3399 420 3480 bigamia3
437 3420 524 3466 secus
535 3404 560 3466 si
575 3422 613 3466 ex
632 3403 885 3469 similitudinarie.
908 3414 1019 3480 nempe
1041 3400 1096 3484 qui
1114 3401 1143 3462 in

183 3489 276 3551 sacris
291 3490 473 3553 constitutus
492 3494 718 3558 matrimonium
740 3488 924 3557 contraxerit
945 3495 975 3552 et
996 3505 1143 3555 eonsum-

182 3580 317 3642 moverit.
331 3583 436 3663 Neque
450 3582 577 3648 incurrit
585 3605 744 3666 percussor
755 3585 856 3649 clerici
871 3581 923 3665 qui
938 3579 1078 3644 habitum
1091 3580 1145 3642 dc·

182 3683 299 3753 ponens
313 3672 505 3736 saecularibus
517 3677 645 3757 negotiis
656 3695 688 3739 se
702 3675 871 3756 ingesserit,
881 3691 936 3736 nec
948 3678 1014 3752 post
1024 3670 1141 3734 tertiam

183 3759 383 3824 monitionem
397 3763 443 3824 sui
460 3765 575 3827 Praelati
588 3767 757 3846 resipuerit.
774 3763 815 3828 lta
828 3761 1042 3826 communiter.

223 3848 312 3925 llicit.
339 3853 371 3914 3·
401 3852 575 3916 llonorlmm
598 3875 606 3917 r
632 3855 766 3933 intellige
791 3851 929 3930 quemvis
954 3850 1142 3930 religiosum.
