2618 4212
177 259 263 324 tere
435 277 591 323 acaunum
612 274 866 344 runrseauomcr.

175 400 250 473 gent
270 390 405 455 subditis
425 391 658 455 confessarium
683 391 817 472 quoties,
847 397 882 452 ut
912 389 1048 469 propriae
1079 407 1161 456 oon-

174 483 313 544 scientiae
326 482 506 555 consulant,
522 480 607 545 adid
635 479 753 543 subditi
769 478 948 558 adigantur,
965 480 1044 559 quin
1061 478 1161 542 iidem

174 571 351 651 superiores
367 570 433 634 ulto
449 570 543 632 modo
562 570 720 650 petitionis
743 567 898 630 rationem
915 569 1091 649 inquirant,
1104 577 1163 630 aut

174 677 255 741 aegre
273 661 304 722 id
320 659 400 721 ferre
426 659 653 722 demonstrent.
670 661 713 720 Ac
727 675 768 720 ne
782 656 917 719 evanida
937 667 1001 720 tam
1023 656 1161 738 provida

175 749 417 830 dispositiohat,
431 748 612 812 Ordiuarios
626 749 822 820 exhortatur,
833 754 868 809 ut
880 747 912 808 in
929 747 1007 808 locis
1021 747 1163 829 propriae

174 839 361 913 Dioeceseos‚
376 839 407 899 iu
424 836 719 918 quibusMulierum
737 836 989 900 cnmmunitatcs
1002 835 1161 909 existunt,

173 927 304 990 idoneos
318 926 503 990 Sacerdotes
518 925 724 989 facultatibus
740 927 911 988 instructos
926 924 1105 1005 designent,
1121 927 1162 988 ad

175 1033 254 1095 quos
276 1032 332 1095 pro
361 1015 565 1077 Sacrameuto
590 1014 785 1094 poenitentia
807 1030 971 1075 recurrere
995 1031 1040 1075 eae
1067 1013 1162 1076 facile

173 1111 305 1182 queant.

212 1191 248 1252 V.
265 1190 354 1264 Quod
370 1210 444 1255 vero
470 1193 581 1254 attinet
608 1191 648 1254 ad
673 1191 914 1273 permissionem
940 1190 987 1253 vel
1013 1191 1162 1274 probibi-

174 1281 294 1342 tionem
310 1282 348 1340 ad
368 1299 489 1342 sacram
508 1281 658 1362 Synaxim
671 1280 851 1356 accedendi,
870 1279 989 1342 Eadem
1001 1281 1160 1342 Sanctitas

175 1368 238 1431 Sua
251 1370 405 1442 decernit,
424 1369 607 1447 hujusmodi
620 1370 844 1450 permissiones
859 1369 909 1432 vet
926 1368 1161 1449 prohibitiones

174 1459 338 1521 dumtaxat
353 1459 392 1520 ad
414 1457 648 1520 confessarium
667 1457 865 1520 ordinarium
876 1457 927 1520 vel
941 1458 1160 1520 extraordina-

174 1549 258 1609 rium
272 1555 423 1628 spectare,
442 1549 520 1628 quin
543 1545 727 1629 Superiores
739 1545 841 1609 uttam
858 1545 997 1608 habeant
1013 1547 1157 1609 auctori-

175 1644 269 1698 tatem
282 1635 343 1698 hac
358 1637 389 1696 iu
407 1655 440 1696 re
455 1654 521 1699 sese
532 1636 709 1716 ingerendi,
722 1645 853 1716 excepto
868 1655 941 1698 casu
962 1654 1026 1717 quo
1041 1635 1160 1716 aliquis

174 1744 211 1785 ex
233 1743 342 1788 eorum
359 1725 494 1787 subditis
516 1735 587 1806 post
607 1726 751 1787 ultimam
782 1725 1051 1788 Sacramentalem
1072 1725 1158 1788 con·

176 1815 342 1876 fossionem
354 1813 580 1878 communitati
594 1815 744 1876 scandalo
764 1813 870 1890 fuerit,
885 1822 940 1876 aut
960 1832 1090 1893 gravem
1104 1832 1158 1876 ex-

176 1913 296 1966 ternam
317 1904 445 1984 culpam
473 1904 663 1984 patraverit,
688 1904 789 1966 donec
817 1905 855 1966 ad
884 1903 1082 1965 Poenitentiae
1111 1922 1158 1965 sa·

175 1999 373 2053 crementum
392 1993 499 2054 denuo
514 1993 693 2054 accesserit.

212 2079 444 2144 thfoneutur
468 2081 682 2157 hincomnes‚
712 2091 747 2144 ut
775 2083 814 2145 ad
843 2101 965 2145 sacram
1004 2081 1156 2163 Synaxim

173 2179 285 2232 curent
309 2170 477 2248 diligenter
507 2189 540 2232 se
572 2189 749 2252 preparare
767 2179 799 2234 et
820 2172 970 2236 accedere
994 2172 1110 2235 diebus
1124 2173 1157 2233 iu

173 2259 311 2340 propriis
337 2258 454 2339 regulis
470 2261 606 2334 statutis3
625 2269 656 2324 et
670 2261 793 2340 quoties
807 2263 849 2324 ob
861 2261 1015 2325 fervorem
1028 2271 1060 2324 et
1087 2263 1157 2343 spi-

174 2347 321 2408 ritualem
332 2347 465 2423 alicujus
481 2347 657 2430 profectum
671 2348 888 2416 Confesserius
915 2352 1065 2430 expedire
1072 2352 1158 2430 judi-

173 2437 290 2499 caverit
305 2445 339 2498 ut
353 2436 547 2518 frequentius
560 2440 700 2519 accedat,
719 2441 750 2503 id
764 2442 793 2502 ei
806 2441 846 2503 ab
873 2443 941 2522 ipso
957 2440 1160 2504 confessario

172 2526 311 2607 permitti
325 2527 449 2607 poterit.
463 2527 581 2590 Verum
593 2530 647 2611 qui
657 2530 818 2594 licentiam
833 2550 850 2593 a
864 2531 1061 2595 confessario
1073 2532 1157 2593 obti-

172 2616 277 2677 nuerit
292 2615 516 2696 frequentioris
529 2635 565 2679 ac
576 2619 670 2680 etiam
686 2620 880 2700 quotidianae
896 2619 1152 2694 communionis

172 2703 282 2766 dehoc
294 2706 460 2766 certiorem
476 2706 608 2768 reddere
622 2707 822 2790 Superiorem
838 2718 1002 2786 teneatur3
1019 2709 1107 2790 quod
1128 2712 1155 2772 si

172 2791 225 2854 hio
242 2793 342 2872 justas
357 2812 531 2873 gravesque
555 2811 665 2858 causas
690 2816 722 2858 se
744 2798 861 2861 habere
889 2806 1013 2880 reputet
1042 2806 1155 2862 contra

172 2882 401 2962 frequentiores
415 2883 598 2964 hujusmodi
614 2884 872 2962 communiones,
887 2907 939 2949 eas
952 2886 1154 2952 Confessario

173 2969 372 3032 manifestare
388 2973 645 3051 teneatur,cujus
661 2975 780 3054 judicio
795 2977 1063 3058 acquiescendum
1084 2996 1154 3040 om-

173 3060 336 3122 ninoerit.

209 3147 273 3209 Vll.
291 3149 408 3210 Eadem
423 3149 579 3213 Sanctitas
595 3152 658 3215 Sua
690 3155 820 3236 insuper
847 3156 977 3217 mandat
999 3157 1152 3222 omnibus

170 3245 200 3298 et
215 3237 347 3315 singuiis
363 3238 585 3319 Superioribus
607 3240 823 3316 Generalibus,
852 3243 1106 3308 Prouincialibus
1121 3258 1151 3308 et

172 3325 339 3387 conatibus
355 3325 572 3389 institutorum
588 3329 755 3412 dequibus
777 3351 884 3414 supra,
900 3333 965 3394 sive
995 3334 1148 3415 virorum,

171 3414 236 3476 sive
258 3413 440 3488 mulierum,
456 3426 490 3478 ut
503 3417 643 3482 studiose
670 3431 878 3503 accurateque
907 3421 1003 3498 hujus
1027 3422 1150 3488 Decreti

173 3502 391 3584 dispositiones
405 3504 584 3586 observent,
607 3509 667 3572 sub
694 3512 797 3591 poenis
828 3520 938 3573 contra
962 3511 1149 3593 Superiores

169 3590 360 3739 dhipsrostoticae
374 3591 462 3656 Sedis
476 3595 625 3660 mandata
641 3599 793 3664 violantes
804 3603 872 3684 ipso
886 3599 967 3664 facto
983 3603 1148 3667 incurren·
1185 3593 1187 3598 ’

207 3766 285 3828 vul.
302 3768 444 3849 Denique
455 3773 631 3854 mandat‚ut
646 3781 937 3860 p1·aeserrtisl)ecrrti
947 3781 1143 3863 exemplaria
