2552 4204
474 332 562 377 traua
583 332 717 379 ruamus.
1024 323 1082 384 'llll

108 431 132 493 si
145 450 201 514 per
213 434 392 496 exercitium
404 431 547 496 ordinum
562 433 628 495 illas
639 433 749 495 violare
763 433 1028 515 praesumpserint,
1041 441 1084 498 est

108 521 323 604 irregularitas.

146 610 284 674 Secunda
294 632 392 692 peno,
403 631 495 692 quam
508 612 598 674 iidem
609 613 782 686 incurrunt,
795 617 841 672 est
851 612 932 691 qudd
943 613 967 674 si
978 611 1086 674 monita

108 719 169 762 non
185 701 331 762 desistant
344 702 540 764 siccensuras
552 701 679 776 violare,
696 700 783 778 plecti
798 702 915 782 possint
934 706 1023 783 poena
1038 701 1086 764 de·

108 790 265 870 positionis
279 790 369 852 officii
385 797 413 851 et
428 790 566 854 beneficii
577 793 655 872 (cap.
675 788 787 853 Clerici
799 791 829 866 3,
841 794 872 852 et
883 807 951 870 cap.
965 791 1086 852 Lotorev

108 883 146 954 d,
159 877 205 941 De
216 879 325 940 clerico
336 883 501 955 excomm).

147 968 178 1029 Si
194 976 296 1030 autem
311 987 440 1031 censura
453 969 562 1031 violata
577 969 615 1031 sit
636 967 733 1049 maior
747 967 1040 1043 excommunicatio,
1057 973 1086 1031 ct

108 1075 162 1136 per
185 1058 287 1118 missae
308 1057 544 1119 celebrationem
565 1057 710 1133 violetur,
726 1056 793 1118 talis
815 1055 914 1118 delicti
939 1074 1010 1118 reus
1024 1055 1087 1119 suis

108 1147 265 1208 benefieiis
284 1147 350 1228 ipso
371 1147 439 1226 jure
463 1147 615 1228 privatur,
642 1145 780 1228 quamvis
801 1164 863 1208 non
882 1153 1019 1208 teneatur
1037 1145 1087 1208 illa

107 1236 260 1296 dimittere
283 1243 355 1298 ante
372 1236 551 1297 sententiam
563 1235 790 1305 declaratoriam
805 1236 883 1319 (cap.
901 1235 1087 1298 Frateraito·
1156 1314 1158 1318 .

109 1325 147 1386 tis
159 1329 179 1388 6
191 1373 199 1396 ,
218 1325 263 1386 De
275 1324 384 1386 clerico
397 1325 565 1406 excomm).

148 1415 324 1476 Suntetiam
337 1415 399 1476 tliae
410 1433 507 1494 poenae
517 1415 582 1476 late
592 1421 696 1476 contra
705 1415 864 1477 violatores
873 1429 1085 1477 censurarum:

107 1501 146 1564 de
160 1501 198 1564 iia
213 1503 374 1584 loquemur
389 1504 422 1564 in
435 1503 582 1573 decursu,
592 1510 684 1580 prout
699 1523 732 1566 se
746 1504 829 1566 dabit
843 1504 1066 1586 opportunitas.

541 1693 560 1774 a
580 1695 655 1755 vm.

195 1839 241 1903 ue
253 1841 412 1904 cessatione
422 1859 610 1904 censurarum
624 1850 652 1902 ct
667 1841 792 1904 illarum
806 1840 997 1907 auctuum.

145 2033 218 2094 830.
235 2061 274 2075 -
288 2031 311 2090 l.
331 2029 453 2090 Cessare
476 2029 524 2091 hic
543 2027 687 2090 dicuntur
707 2045 862 2106 oensurae,
885 2030 917 2092 in
937 2033 1086 2113 quantiam

105 2121 254 2183 desinunt
267 2116 401 2197 obligare
414 2117 500 2178 aliter
511 2120 603 2198 quam
618 2136 673 2198 per
687 2135 793 2181 eorum
804 2118 1026 2183 absolutionem
1034 2142 1043 2199 ;
1057 2129 1088 2185 el

107 2209 165 2272 hoc
179 2205 359 2285 intelligitur
372 2204 516 2268 duntaxat
530 2205 568 2268 de
581 2207 718 2268 censuris
730 2207 867 2269 nondum
884 2208 1024 2273 incursis.

146 2297 271 2360 Etenim
281 2312 417 2357 censure
430 2294 567 2357 nondum
578 2297 707 2358 incursae
716 2297 763 2358 vel
774 2296 911 2360 feruntur
925 2318 978 2380 per
988 2301 1086 2381 legem

108 2386 304 2470 generalem,
318 2382 364 2445 vel
380 2401 434 2465 per
448 2391 634 2466 preceptum
656 2385 838 2466 particulare
851 2405 860 2447 t
873 2387 900 2447 si
911 2388 1084 2469 perlegam,

107 2475 316 2539 conditionem
330 2472 432 2553 legum
447 2481 617 2553 sequuntur
632 2492 640 2535 :
656 2492 774 2535 cessare
791 2492 865 2553 ergo
879 2484 1026 2554 possunt,
1041 2479 1086 2538 vel

108 2582 163 2645 per
172 2579 346 2642 expressam
358 2560 534 2641 legislatoris
543 2561 830 2632 revocationem‚vel
841 2580 895 2642 per
904 2564 1086 2628 contrariam

107 2650 363 2716 consuetudinem
386 2649 520 2730 legitime
540 2649 744 2712 introductam
762 2669 816 2712 seu
831 2651 1084 2730 desuetudinem

107 2742 204 2824 siper
215 2748 408 2822 preceptum,
422 2757 482 2802 non
497 2738 596 2800 solium
610 2757 729 2801 cessare
741 2748 869 2820 possunt
880 2759 934 2820 per
944 2746 1085 2823 praecepti

109 2831 333 2893 revocationem
352 2829 369 2889 a
384 2827 517 2907 legitimo
536 2829 698 2908 Superiora
716 2825 827 2888 iactam
839 2875 847 2902 ,
861 2829 914 2888 sed
928 2829 1018 2890 etiam
1033 2849 1086 2910 per

108 2919 203 2999 ipsius
223 2923 372 2988 mortem,
394 2922 445 2977 aut
472 2915 567 2995 ipsius
589 2915 774 2976 amotionem
799 2917 860 2995 qud
878 2917 1085 2993 jurisdictione

110 3007 258 3087 privatur:
269 3003 461 3084 quodiamen
477 3003 602 3084 intelligi
614 3021 677 3065 non
688 3002 779 3065 debet
788 3003 827 3064 de
839 3021 910 3066 casu
921 3023 982 3085 quo
992 3006 1079 3084 juder

107 3095 222 3175 aliquid
240 3093 378 3174 precipit
390 3093 448 3154 sub
461 3096 601 3166 censura,
617 3091 726 3173 praevia
738 3091 904 3154 monitione
919 3095 1081 3156 canonica'

109 3183 283 3264 hujusmodi
311 3189 499 3264 praeceptum
524 3181 637 3262 obligat
658 3182 749 3244 etiarn
771 3186 840 3264 post
861 3181 955 3261 ipsius
975 3181 1085 3261 judicis

109 3281 239 3335 mortam
260 3279 312 3333 aut
326 3272 525 3332 remotionem
539 3316 547 3344 ‚
561 3278 591 3331 el
613 3289 743 3333 censura
765 3270 879 3334 incurri
903 3280 1009 3352 potest.
1026 3275 1082 3347 Qui

108 3367 210 3425 autern
225 3361 318 3424 semel
332 3369 377 3421 est
390 3359 528 3421 censuris
542 3359 724 3434 innodatus,
745 3359 783 3420 ab
804 3361 860 3435 iis,
881 3363 905 3421 si
928 3362 988 3422 siut
1005 3381 1084 3427 verta

107 3469 263 3522 censurae,
277 3451 350 3510 solvi
366 3450 473 3538 nequit
486 3450 544 3510 nisi
563 3467 616 3530 per
635 3448 858 3510 absolutionem
874 3468 882 3511 :
897 3449 935 3512 de
956 3457 1015 3532 qud
1039 3461 1085 3518 est

109 3558 193 3604 nuuc
207 3538 372 3619 agendum.

147 3633 218 3694 tltt.
232 3661 267 3673 -
285 3630 321 3690 ll.
339 3627 495 3690 Absolutis
506 3645 706 3690 censurarum
717 3636 759 3690 est
777 3629 911 3710 ipsorum
934 3631 1084 3693 relaxatio

106 3717 141 3782 oi
159 3717 289 3780 eloctum
309 3717 402 3798 sorta,
427 3735 483 3798 ρον
503 3717 680 3798 superiorem
703 3727 921 3800 competentem.
945 3719 1083 3781 Diximus

108 3825 183 3888 crgo
196 3807 279 3889 qudd
293 3823 431 3870 censurae
443 3805 545 3868 stricte
558 3805 656 3880 dicta,
665 3807 758 3869 semel
773 3806 916 3868 incursa·
925 3807 1082 3942 uersssolam
1185 3861 1188 3866 .
