2574 4198
467 275 552 317 ursan
575 269 704 316 suerrus.
1018 265 1073 323 tul

138 373 185 432 Ex
202 369 296 430 modd
310 370 447 432 stabilitis
466 369 602 450 sequitur
622 367 704 448 quod
719 366 812 448 judex
833 367 986 438 saecularis
1009 371 1079 432 nul·

95 460 166 522 lum
187 457 240 536 J'us
267 456 373 518 habeat
395 455 555 539 expetendi
570 458 586 517 a
603 455 705 534 judice
723 455 924 516 eeclesiastico
944 475 1078 522 commu·

95 545 284 608 nicationem
298 565 405 608 eorum
421 548 519 628 quasa
535 564 587 606 reo
601 544 646 606 vel
662 545 678 605 a
697 543 814 606 caeteris
837 544 894 604 diei
915 553 1076 624 potuerunt

96 636 130 698 in
153 634 221 696 foro
245 635 398 698 Ecclesiae.
423 636 456 698 ld
480 635 615 716 agnitum
640 633 695 694 luit
718 634 735 694 a
758 633 847 694 Curia
870 633 1077 714 Andegavensi

96 724 129 784 in
154 728 275 784 Arresto
292 725 329 784 -31
353 725 452 785 martii
471 726 560 784 1811.
575 721 650 783 Vide
671 721 774 784 Joarn
791 719 839 781 des
855 720 981 803 fabrio„
997 730 1018 785 t.
1036 731 1074 803 7,

137 904 209 962 797.
215 859 321 970 Quod
335 907 435 962 autem
448 900 564 980 judices
578 857 772 962 ecclesiastici
785 898 902 979 possint
915 919 981 962 reos
995 903 1072 982 plec-

95 995 161 1052 tere
175 989 265 1050 eliam
279 1007 377 1068 paenis
386 988 619 1070 temporalibus
636 990 760 1067 excepta
771 994 872 1048 tamen
894 991 985 1067 poena
1007 1009 1074 1052 san·
1080 1017 1085 1028 ··

98 1077 220 1157 guinis,
236 1078 254 1136 a
269 1079 329 1156 qut
344 1093 465 1158 semper
478 1077 634 1140 abhorruit
648 1075 777 1138 Ecclesia
793 1074 872 1157 (cap.
884 1075 1090 1155 διιιιιιιιιιιιιιι,ι

99 1167 144 1227 tit.
162 1169 213 1239 50,
224 1165 275 1225 lib.
290 1169 323 1226 3.
339 1166 470 1240 liceret,
487 1185 524 1227 ex
538 1165 650 1228 Concil.
667 1166 764 1241 later.
780 1163 844 1246 IV),
860 1165 962 1227 maltis
982 1187 1057 1248 argu
1079 1223 1080 1226 ,

98 1254 212 1315 mentis
224 1253 424 1314 demonstrari
440 1259 551 1336 potest;
569 1253 696 1316 sufficiat
710 1253 819 1314 reterre
834 1255 990 1334 sequentia
1006 1276 1018 1324 ιΙ

137 1343 227 1407 Certe
241 1339 374 1402 Ecclesia
386 1347 563 1422 potestatem
575 1341 664 1403 habet
678 1343 963 1404 excommunicandi
977 1363 985 1405 :
1001 1342 1071 1411 haa-

98 1449 158 1512 que
172 1436 319 1512 potestate
334 1429 456 1492 etiama
478 1430 649 1510 primordiis
673 1430 734 1492 suis
757 1449 811 1492 usa
832 1437 886 1492 est.
911 1433 979 1493 Jam
1005 1433 1076 1496 varri

93 1517 373 1582 excommunicatio
386 1537 447 1580 non
460 1519 560 1580 solum
573 1518 661 1582 bonis
674 1518 879 1598 spiritualibus
891 1520 1004 1599 privat,
1020 1533 1073 1584 sed

93 1607 185 1668 etiam
201 1605 384 1687 quibasdam
399 1606 869 1688 temporalibusvidelicetiamt,
883 1627 950 1686 quaa
960 1609 1073 1689 aliquid

94 1702 138 1757 est
151 1695 330 1775 temporale,
342 1703 373 1756 et
385 1695 538 1758 consortio
550 1695 686 1758 fidelium
700 1695 833 1756 elianam
848 1695 985 1774 pluribus
996 1704 1072 1768 tem·

94 1783 262 1862 poralibus.
279 1784 369 1862 Ergo,
385 1789 442 1844 etc
459 1783 619 1850 -Eadem
635 1783 791 1845 conclusio
804 1783 912 1844 deduci
926 1791 1023 1862 potest
1036 1779 1085 1846 ex'

95 1877 241 1950 potestate
256 1889 348 1950 quam
363 1869 453 1945 habet
464 1871 598 1933 Ecclesia
613 1869 738 1932 clericos
753 1870 944 1950 deponendi,
965 1871 1074 1954 degsa

93 1959 207 2034 dandi,
223 1959 367 2020 officioet
381 1958 677 2021 fructibusbenelicii
692 1959 847 2060 privandi,
864 1968 920 2023 etc.

3 2091 4 2094 ι
113 2047 217 2112 idern
232 2052 350 2108 constat
363 2065 399 2109 ex
422 2047 581 2128 disciplina
604 2048 743 2110 Ecclesiae
764 2051 843 2110 eirca
864 2025 1071 2130 peonitentiam

91 2135 259 2218 publicam.
274 2135 399 2216 Exipso
414 2136 556 2198 Morino.
574 2137 729 2209 «Quando
751 2146 908 2218 peccatum
928 2146 992 2202 erat
1015 2161 1070 2222 pu-

3 2231 5 2286 l
93 2249 110 2284 ιι
130 2225 259 2316 1ιΙίομηι,
271 2224 308 2285 ad
322 2223 530 2304 poemtentram
540 2225 659 2306 publice
670 2225 817 2307 agendam
833 2234 1004 2308 peccatores
1018 2249 1066 2293 ex·

3 2357 5 2380 ι
93 2337 116 2380 ιι
129 2295 411 2378 communicatione
431 2320 461 2374 et
480 2314 656 2378 omnimoda
677 2317 714 2377 ab
736 2317 869 2378 Ecclesia
893 2319 1069 2398 expulsione

3 2413 5 2464 l
93 2401 360 2482 «adigebantur»
380 2402 535 2481 (IleSoer.
553 2404 726 2480 Poenitant„
743 2403 848 2482 lina,
864 2425 892 2468 o.
911 2411 994 2483 1“1,ιι
974 2412 1067 2489 n⁰⁵ll=

3 2481 5 2500 ⁵
88 2492 142 2555 sed
157 2509 269 2570 cogere
283 2489 321 2550 ad
337 2489 417 2570 poeni
418 2491 542 2552 tentiam
557 2492 709 2572 publicam
724 2493 805 2554 idem
819 2501 883 2555 erat
903 2514 938 2557 ac
960 2513 1069 2578 eogere

89 2579 127 2644 ad
149 2579 336 2660 temporales
357 2586 387 2640 et
408 2580 579 2660 corporales
602 2600 707 2662 poenas
729 2601 737 2642 ι
757 2590 875 2644 constat
899 2583 980 2646 enim
1007 2587 1068 2651 sivo

90 2669 187 2750 Epist.
202 2667 299 2728 Siricii
315 2667 352 2728 ad
367 2667 544 2749 Hymerium
560 2672 816 2733 Tarraconensem
831 2672 903 2734 anni
918 2676 992 2752 385,
1008 2673 1068 2739 sive

91 2756 228 2821 Concilio
245 2755 410 2817 Arelatensi
428 2757 501 2817 anni
516 2761 594 2833 152,
611 2759 671 2820 sive
688 2761 790 2820 multis
804 2761 870 2822 aliis
885 2781 1066 2826 monumen-

89 2845 138 2922 tis,
150 2844 333 2926 poenitentes
346 2843 485 2925 impediri
500 2845 538 2906 ab
550 2864 609 2908 usu
621 2847 805 2907 matrimonii
820 2854 850 2908 et
864 2851 881 2908 a
896 2853 980 2910 novis
994 2871 1066 2932 nup·

89 2933 140 2996 tiis
164 2931 397 3008 contrahendis,
425 2931 559 3014 ipsisque
582 2934 775 2996 interdictum
801 2935 892 2998 fuisse
914 2939 1058 3017 quodlibe

89 3039 204 3086 munus
226 3021 386 3092 seaculare,
412 3041 439 3084 v.
466 3041 510 3102 JJ.²
537 3023 691 3102 militiam,
718 3024 935 3101 urercimonia,
964 3043 1067 3090 causas

89 3102 247 3185 forensem,
263 3117 320 3171 etc.

117 3197 206 3260 ¹llide
221 3199 315 3260 multa
325 3199 381 3260 alia
394 3209 592 3264 monumenta
610 3203 641 3263 in
655 3203 804 3280 Maenali,
817 3216 852 3266 ιιο
864 3209 954 3280 5501,
967 3211 1023 3268 etc.

117 3296 241 3359 mconna
256 3303 390 3358 nostram
401 3297 530 3360 thesim.
548 3303 578 3362 11
593 3303 795 3365 Protestantes
808 3303 955 3384 objiciunt
968 3305 1066 3368 Eocla

89 3383 165 3448 tiam
178 3404 241 3446 ιιοιι
257 3385 367 3448 habere
384 3387 568 3450 territorium
583 3393 759 3471 proprium,
776 3400 805 3453 et
819 3411 886 3454 eam
901 3412 965 3456 esse
983 3395 1065 3457 antra

89 3479 197 3534 aarum
221 3492 276 3535 seu
300 3473 377 3536 intra
404 3477 588 3540 territorium
614 3481 783 3561 Principis;
812 3483 902 3562 porrd
925 3484 977 3564 qui
1003 3503 1065 3546 non

90 3557 180 3624 habet
202 3561 389 3624 territorium
413 3581 478 3626 ιιοιι
501 3573 598 3646 polest
624 3567 734 3630 habere
762 3570 860 3633 forum
885 3581 1063 3647 exter,num

91 3650 221 3712 maxime
233 3651 455 3714 contentiosum
467 3655 571 3734 ‚juxta
584 3657 702 3720 axioma
714 3659 811 3738 juris:
833 3682 848 3719 ιι
863 3662 963 3722 Eutrc
979 3663 1065 3722 terri·

94 3757 109 3794 ι
128 3739 300 3821 toricmjua
313 3739 423 3802 dicenti
435 3760 495 3804 non
511 3749 632 3824 paretur
647 3746 772 3827 impune.
787 3771 816 3809 ι.
836 3753 923 3828 Ergo,
939 3757 996 3812 ele.
