2590 4208
200 253 238 314 4ss
475 259 633 306 unwanus
653 259 735 308 ldeS
757 259 901 308 cruentet.

205 385 276 442 rota
298 383 421 438 tantum
438 373 594 456 simplicia
609 373 805 436 emittuntur.
833 373 883 455 (V.
904 375 962 440 Dea
977 374 1173 438 Communes

205 471 255 540 tc's,
272 472 344 540 etc„
362 463 496 544 nobba.)

244 555 269 616 Α
282 553 365 615 dicta
380 551 595 654 prohibitione
615 551 842 633 excipiuntur.
859 554 892 613 t⁰
906 550 1018 612 lectore
1032 549 1180 612 esculenta

204 653 233 705 et
254 641 431 723 poculenta,
453 640 526 702 item
551 639 724 702 munusculo
738 637 778 701 de
797 637 891 702 rebus
915 639 955 701 ad
976 637 1181 702 devotionem

206 729 430 812 spectantibus,

245 819 279 880 2⁰
294 819 328 880 ln
344 819 469 881 decreto
488 817 607 880 Urbani
628 817 695 880 vlu
710 808 888 879 declaratur
916 833 1081 878 «munera
1096 835 1115 877 a
1131 833 1182 877 re

207 931 219 964 e
246 907 402 987 ligiosis...
408 907 529 969 .tribui
547 923 638 987 posse
659 925 697 967 ex
711 906 814 968 causis
833 886 1056 984 gratitudinis,
1073 908 1181 968 eonci-

101 1049 105 1057 .
206 1022 220 1051 ,ι
246 995 402 1067 liationis,
429 994 657 1058 benevolentiae
683 993 813 1076 ejusque
836 993 1086 1056 conservationis
1105 1010 1181 1094 erga

208 1111 220 1139 ι
246 1085 347 1164 ipsam
366 1083 552 1162 religionem
576 1083 623 1144 vel
644 1090 858 1155 conventum,
876 1082 1009 1161 aliisque
1024 1081 1132 1143 causis
1145 1098 1181 1142 ex

208 1175 296 1236 esui
320 1182 444 1248 natura,
461 1181 565 1234 actum
593 1171 718 1234 virtutis
745 1179 776 1234 et
799 1171 902 1232 meriti
923 1169 1181 1246 continentibus;

208 1288 220 1314 ι
247 1260 388 1322 modeste
402 1270 508 1322 tamen
524 1268 553 1322 et
575 1260 722 1334 discrete,
739 1267 771 1322 et
794 1247 970 1322 dummodo
991 1258 1022 1319 id
1039 1275 1105 1321 non
1127 1259 1182 1320 fiat

207 1373 220 1404 ›
247 1348 306 1410 nisi
327 1348 367 1411 de
382 1349 582 1428 superiorum
603 1307 754 1412 localium
776 1347 919 1423 lieentia,
936 1366 972 1409 ac
986 1348 1084 1411 etiam
1106 1365 1180 1410 cum

206 1462 220 1492 a
246 1455 401 1499 consensu
420 1436 550 1518 majoris
565 1438 661 1518 partis
671 1443 861 1509 conventus,
879 1436 992 1497 sitatis
1005 1453 1181 1498 consensus

207 1547 222 1582 u
248 1525 368 1606 dejure
383 1525 430 1586 vel
447 1525 734 1602 constitutionibus,
749 1534 834 1610 ete...
851 1525 1042 1604 requiratur.
1059 1543 1075 1581 e
1100 1554 1103 1564 ·

245 1614 326 1676 Nota
341 1613 425 1695 quod
437 1613 573 1692 religiosi
584 1615 821 1698 nequeantsine
829 1613 998 1694 superioris
1006 1629 1178 1687 consensu,

207 1704 316 1765 saltem
347 1711 560 1784 praesumpto,
591 1704 732 1784 accipere
760 1719 891 1765 munera
917 1702 965 1762 vel
995 1701 1180 1780 largitiones

204 1793 299 1854 etiam
315 1811 375 1872 pro
392 1809 450 1854 suo
473 1799 641 1854 conventu.
659 1791 719 1854 Sed
739 1811 812 1854 cum
832 1793 945 1853 merito
959 1790 1084 1852 Praelati
1106 1808 1180 1853 con·

204 1898 312 1942 sensus
332 1881 480 1962 praesumi
496 1882 592 1962 possit
607 1881 639 1942 in
663 1881 717 1944 tali
737 1899 830 1956 casu,
854 1887 996 1962 peccaret
1017 1878 1178 1940 ordinarie

203 1979 311 2030 contra
330 1970 517 2032 charitatem
543 1987 617 2050 erga
640 1979 832 2033 conventum
855 1968 1019 2048 religiosus
1033 1967 1178 2046 largitio·

203 2075 258 2117 nes
274 2057 456 2137 hujusmodi
470 2057 652 2120 abnuendo.

242 2145 288 2206 Ex
311 2144 442 2209 Constit.
464 2144 583 2208 Urbani
601 2145 628 2210 V
648 2153 679 2208 et
698 2146 837 2224 Gregorii
856 2144 914 2220 XI,
936 2145 1005 2224 cogi
1029 2154 1178 2226 parentes

202 2251 265 2294 non
288 2232 418 2308 debent,
437 2235 603 2298 occasione
624 2236 798 2299 vestitionis
821 2245 875 2298 aut
899 2233 1108 2317 professionis
1137 2235 1176 2298 ad

203 2320 408 2402 praebendum
439 2324 637 2386 monasteriis
660 2323 826 2406 splendida
851 2323 1007 2386 convivia.
1033 2323 1095 2386 Sed
1124 2324 1177 2386 illa

202 2427 265 2472 non
281 2410 559 2494 prohibenturpro
570 2412 755 2494 recipiendis
771 2410 1026 2476 benefactoribus
1042 2419 1074 2474 et
1088 2411 1178 2476 Ordi-

155 2565 157 2573 ,
203 2500 251 2560 nis
264 2499 505 2580 protectoribus,
523 2501 619 2564 modo
632 2501 782 2564 decentiae
797 2501 913 2563 limites
928 2518 992 2563 non
1009 2501 1175 2566 excedant.

204 2585 270 2650 lmo
285 2589 435 2651 institutis
450 2590 604 2669 religiosis
626 2591 865 2652 commendatur
884 2588 1086 2670 hospitalitas
1103 2610 1176 2671 erga

201 2695 357 2758 pauperes
371 2686 401 2739 et
417 2679 611 2759 peregrinos

240 2765 309 2828 985.
334 2766 460 2841 Quaerit.
484 2767 517 2829 4⁰
542 2767 590 2830 An
619 2768 712 2830 liceat
732 2767 887 2846 religiosis
905 2767 1055 2850 professis
1077 2777 1174 2832 testa·

202 2863 343 2917 mentum
359 2855 494 2919 condere
508 2857 524 2918 l

241 2945 330 3026 Resp.
347 2950 397 3007 rel
414 2947 517 3024 agitur
530 2946 571 3009 de
583 2945 766 3008 solemniter
780 2945 946 3027 professis3
959 2945 1007 3008 vel
1020 2945 1060 3009 de
1071 2947 1109 3010 iis
1119 2951 1174 3031 qui

203 3045 272 3097 vota
288 3034 444 3114 simplicia
465 3035 617 3096 duntaxat
631 3036 822 3098 emiserunt:
839 3037 874 3098 ln
896 3037 997 3116 primo
1011 3056 1092 3115 cusu,
1109 3057 1174 3101 res-

200 3122 407 3204 pondendum
430 3124 595 3202 negative,
623 3125 746 3186 etiamsi
767 3126 910 3207 superior
935 3123 988 3188 det
1011 3125 1173 3190 licentiam

200 3229 257 3304 pro
273 3211 324 3291 pia
340 3228 450 3284 causa,
467 3213 528 3272 nisi
543 3212 669 3275 accedat
688 3231 803 3274 summi
796 3213 978 3276 Pontificis
992 3217 1170 3295 permissio.

199 3293 412 3379 Excipiendus
426 3309 472 3361 est
485 3302 697 3383 casuspatris·
687 3301 836 3364 -lamilias
846 3303 900 3384 qui
912 3309 985 3364 ante
997 3321 1090 3366 suam
1103 3325 1172 3388 pro·

200 3387 366 3450 sessionem
379 3389 534 3452 omisisset
548 3390 587 3452 de
601 3397 666 3452 suis
682 3387 774 3454 bonis
788 3392 979 3474 disponere.
999 3401 1075 3454 tunc
1086 3397 1171 3458 enim

200 3495 258 3558 pro
260 3476 359 3539 lessus
381 3489 483 3560 potest
498 3479 577 3540 illa
569 3487 652 3542 inter
666 3479 749 3542 filios
763 3480 974 3555 distribuere,
999 3480 1032 3542 in
1054 3485 1171 3545 caeteris

199 3564 334 3643 casibus,
352 3566 459 3629 bona
452 3568 551 3648 ipsius
568 3569 608 3630 ad
624 3569 850 3632 monasterium
867 3577 1032 3631 transeunt
1045 3570 1071 3631 si
1087 3573 1171 3634 acci

199 3653 307 3736 piendi
330 3655 369 3716 sit
390 3673 510 3735 capax,
536 3673 623 3720 secus
646 3657 685 3720 ad
706 3658 837 3722 heredes
858 3658 898 3721 ab
924 3660 1071 3766 intestato
1090 3659 1170 3742 (Ma

198 3741 297 3826 nacla,
314 3755 355 3804 n¹⁵
368 3742 458 3821 2775,
471 3754 529 3807 ete.
533 3743 559 3826 l.
