2604 4196
486 305 572 346 mem
594 304 751 349 secundus.
1051 293 1114 353 505

133 414 188 458 scu
206 395 353 458 ciborium
372 443 380 468 ,
396 399 613 472 ostensorium,
629 399 783 480 ipsiusque
802 389 939 462 lunulam
951 423 958 471 ;
972 403 1056 480 Juxta
1070 410 1116 464 ta-

135 503 209 546 men
219 483 341 546 Rimata
352 483 492 560 Roman„
508 485 598 546 debet
619 503 684 546 esse
699 487 837 548 exsolida
852 487 1031 570 decentique
1047 509 1115 552 rna-

132 573 234 650 terid,
256 577 353 654 eoque
366 574 491 637 mundat.
510 573 723 638 Coeremoniolc
734 584 835 637 autem
853 575 1029 660 Episcopor.
1046 579 1115 656 (tin

133 667 165 738 2,
178 681 208 724 o.
225 665 275 738 30)
291 663 353 724 vuit
368 669 401 724 ut
416 663 523 742 pixidis
543 681 642 744 cuppa
667 663 705 724 sir
720 682 810 726 aurea
827 665 874 726 vel
897 675 1061 747 argentea,
1084 676 1115 730 et

132 751 219 813 intus
231 751 376 813 deaurata
382 771 391 828 3
407 751 447 812 ob
459 761 678 833 paupertatem,
692 752 841 814 autetiam
854 771 974 816 causam
988 757 1116 835 justam,

134 841 243 902 saltem
258 841 298 901 sit
311 859 348 901 ex
360 847 469 902 stanno
481 841 627 922 perpolito
637 847 667 902 et
685 840 766 903 intus
781 841 943 902 deaurato:
969 845 1050 906 idem
1063 845 1111 906 di-

135 929 268 1013 cendum
280 936 325 990 est
337 929 376 990 de
390 929 495 992 lunula
504 929 673 992 ostensorii.

174 1021 251 1079 Tam
263 1019 340 1080 catix
349 1019 441 1098 quam
454 1025 560 1098 patena
575 1019 685 1080 debent
695 1037 760 1081 esse
772 1028 957 1093 consecrata,
968 1022 1027 1083 ritu
1038 1022 1118 1084 seili-

135 1113 185 1168 cet
206 1113 238 1168 et
253 1106 395 1188 precibus
408 1107 446 1168 ab
464 1107 598 1169 Ecclesia
620 1109 820 1190 prescriptis3
837 1127 893 1170 nec
907 1109 1018 1172 sufiioit
1033 1111 1118 1192 quod
1174 1185 1176 1190 Ι

136 1197 168 1256 in
184 1196 255 1267 illis,
272 1195 410 1259 nondum
422 1197 615 1270 consecratis,
631 1197 764 1257 notatum
780 1197 869 1258 fuerit
884 1197 982 1260 missae
996 1199 1113 1262 sacrifi-

137 1285 235 1362 cium,
249 1285 511 1366 quidquidplures
522 1285 624 1346 dicant
639 1285 717 1365 apud
733 1287 764 1348 S.
781 1287 845 1366 Lig.
858 1285 920 1364 (tib.
930 1290 959 1362 6,
976 1297 1010 1348 n⁰
1025 1289 1121 1369 379):.-

138 1375 213 1455 quia
226 1392 281 1454 per
296 1379 467 1436 contactum
483 1374 733 1436 sacramentinou
748 1375 816 1436 ided
827 1393 873 1435 res
887 1386 1113 1454 consecrantur,

139 1470 173 1524 ut
188 1468 270 1544 patet
283 1462 321 1524 de
330 1462 511 1542 pavimento,
523 1462 547 1524 si
558 1462 741 1542 quandoque
754 1462 794 1522 ibi
806 1461 924 1524 decidat
938 1464 1033 1526 hostia
1045 1484 1115 1526 con-

140 1558 256 1628 secrata
270 1599 279 1629 ,
294 1551 341 1613 vel
356 1551 480 1631 sanguis
493 1552 643 1632 pretiosus
652 1569 661 1624 3
685 1558 714 1612 et
732 1551 770 1612 de
784 1551 918 1614 eeclesiis
933 1551 1010 1614 uhta
1024 1553 1120 1635 longo

139 1649 279 1722 tempore
293 1641 477 1702 celebratum
490 1647 555 1716 est,
570 1657 698 1721 quaeque
707 1645 814 1700 tamen
826 1648 926 1722 postea
940 1641 978 1701 ab
992 1644 1119 1722 Episco-

141 1731 189 1811 pis
203 1735 432 1793 consecrantur.

181 1817 325 1898 Episcopi
336 1819 404 1896 jure
416 1817 539 1900 proprio
554 1818 662 1878 calices
676 1822 705 1878 et
720 1827 843 1895 patenas
856 1825 1049 1889 consecrant3
1066 1819 1117 1880 scd

143 1915 301 1988 nequeunt
311 1907 438 1982 simplici
454 1907 599 1967 sacerdoti
613 1953 621 1982 ,
636 1905 681 1966 vel
696 1905 787 1964 etiam
803 1905 911 1965 Abbati
925 1905 1003 1968 banc
1015 1925 1118 1970 couse-

143 1997 309 2059 crationem
325 1997 523 2057 committere.
672 2053 674 2058 .

184 2085 264 2147 Pixis
280 2085 403 2166 quidem
419 2084 588 2146 consecrari
603 2101 664 2144 non
686 2082 794 2152 debet,
817 2083 867 2144 sed
888 2084 972 2162 juxta
993 2093 1117 2147 senten·

144 2174 236 2258 tiam,
252 2193 344 2254 quam
359 2176 390 2235 S.
406 2173 526 2254 Liguor.
545 2171 610 2252 (lib.
631 2175 669 2247 6,
687 2180 720 2232 n⁰
741 2172 813 2253 385)
831 2177 915 2251 putat
934 2173 1121 2253 probabilio-

145 2281 224 2336 rem,
234 2271 278 2326 est
288 2261 505 2338 benedicenda,
517 2267 607 2342 prout
614 2262 704 2322 etiam
720 2261 823 2322 lunula
838 2262 1007 2337 ostensorii;
1019 2263 1121 2342 quoad·

146 2352 218 2413 verb
233 2351 335 2432 ipsum
349 2351 551 2412 ostensorium
563 2349 648 2410 decet
662 2349 765 2410 saltem
781 2355 814 2409 ut
830 2347 1040 2424 benedicatur3
1054 2351 1119 2414 haec

147 2449 250 2504 autem
262 2441 317 2501 tria
331 2439 467 2502 benedici
482 2444 609 2521 possunt
622 2437 660 2500 ab
681 2437 717 2500 iis
738 2437 790 2519 qui
814 2437 925 2499 habent
948 2439 1122 2501 facultatem

148 2548 232 2592 sacra
246 2534 422 2611 paramenta
435 2527 645 2590 benedicendi.

187 2623 256 2681 667.
280 2618 403 2692 Quaerit.
421 2621 453 2679 1⁰
467 2617 664 2690 Quandonam
679 2635 749 2678 vasa
763 2634 848 2678 sacra
862 2633 947 2677 suam
961 2633 1120 2678 conscera-

150 2710 263 2770 tionem
279 2713 331 2769 aut
341 2705 581 2768 benedictionem
596 2705 757 2766 amittant?

187 2800 279 2879 Resp.
297 2796 469 2858 Generatim
483 2794 513 2856 id
527 2797 702 2875 contingere
714 2793 852 2876 quoties,
867 2812 921 2874 per
943 2793 1126 2856 fractionem

149 2885 195 2948 rel
210 2887 305 2959 aliter,
318 2885 448 2966 figuram
460 2895 513 2946 aut
526 2883 655 2944 formam
668 2883 856 2944 essentialem
871 2882 927 2942 sub
939 2885 1000 2962 qud
1013 2901 1119 2943 conse·

150 2982 231 3037 crata
244 2979 297 3037 aut
310 2973 467 3036 benedicta
478 2973 574 3048 fuere,
594 2973 756 3048 amittunt,
774 2970 820 3031 vel
835 2970 950 3030 inutilia
969 2977 997 3031 et
1020 2971 1122 3052 inepto

151 3065 229 3126 siunt
242 3064 278 3126 od
294 3063 523 3126 convenientem
538 3081 627 3124 usum
639 3061 676 3124 ad
693 3077 785 3143 quem
799 3064 870 3120 sunt
882 3068 1055 3122 consecrata
1074 3063 1121 3125 vei

152 3153 319 3216 benedicta.

188 3242 276 3306 Unde
299 3245 330 3304 1⁰
353 3241 430 3304 calix
450 3239 559 3300 amittit
579 3257 666 3301 suam
689 3239 968 3315 consecrationem,
990 3245 1020 3300 et
1043 3239 1119 3320 pixis

150 3349 234 3394 suam
247 3328 535 3404 benedictionem,si
550 3328 581 3390 in
596 3345 703 3390 eorum
717 3327 812 3390 tundo
826 3327 900 3408 (non
910 3329 981 3390 verb
992 3329 1023 3388 in
1037 3338 1122 3409 parte

150 3420 310 3503 superiori)
325 3418 377 3481 fiat
389 3418 525 3480 foramen
542 3417 735 3498 quantumvis
748 3417 902 3498 exiguum.

188 3515 221 3573 2⁰
241 3509 325 3572 Idem
342 3508 505 3572 dicendum
520 3507 641 3587 quando
653 3523 721 3568 rasa
739 3507 778 3566 ita
798 3507 978 3588 franguntur
1000 3512 1035 3569 ut
1057 3525 1120 3568 non

150 3599 280 3682 amplius
289 3598 337 3661 vel
350 3596 469 3659 nonnisi
483 3595 667 3670 indecenter,
683 3595 825 3656 inservire
837 3597 968 3676 possint,
984 3597 1053 3657 licet
1066 3611 1118 3673 per

151 3689 241 3753 breve
258 3696 393 3769 tempus,
414 3686 477 3748 imd
499 3686 553 3747 etsi
575 3692 647 3747 tunc
668 3691 857 3766 reparentur.
873 3719 913 3730 -
926 3685 992 3744 Non
1018 3688 1117 3742 autem

153 3779 298 3840 omittitur
322 3775 508 3837 consecratio
530 3793 584 3854 pec
605 3774 722 3837 aiimros
747 3774 823 3834 ictus
843 3779 859 3832 a
885 3773 968 3833 fabro
991 3768 1121 3830 inflictos
1197 3777 1199 3782 '
