2574 4198
199 309 259 370 052
466 323 624 372 1111111111
645 326 728 372 ronrs
749 324 897 385 canumet.

199 433 245 496 tit.
262 437 311 509 m,
328 443 363 494 n⁰
378 436 418 496 88
434 434 487 514 qui
502 433 611 515 aliegat
625 453 692 514 cap.
709 433 781 495 Nisi
792 445 883 494 essent
901 436 953 507 at,
970 433 1014 496 De
1027 433 1169 498 Proedeu·

200 519 269 606 dis).
301 543 316 580 u
337 521 397 583 Sed
415 539 533 597 omnes,
558 523 656 604 inquit
675 523 779 582 Devoti
798 521 861 598 (tib.
883 526 913 596 2,
933 523 978 585 tit.
1010 527 1057 624 14,
1073 523 1092 604 §
1108 525 1174 628 31),

203 620 220 674 d
241 612 320 671 inter
334 611 514 692 pensionem
528 613 546 673 1
561 609 707 672 Pontifice
722 618 812 691 atque
827 610 864 672 ab
880 613 1029 692 Episcopo
1044 631 1173 692 impost-

203 719 220 760 a
239 705 313 768 tam,
327 717 472 778 magnum
485 700 649 762 discrimen
662 700 777 762 fuciunt
792 719 800 762 :
817 719 890 761 nam
902 702 1006 781 pensio
1020 701 1177 767 Pontificis

203 809 219 849 1
240 787 296 869 ipsi
307 786 400 850 haeret
415 787 564 851 beneficio
578 807 649 851 cum
659 807 722 870 quo
738 789 916 852 transfertur
930 791 966 850 ad
982 809 1094 854 omnes
1110 794 1177 872 ejus

201 897 220 939 r
238 895 441 958 possessores,
456 883 485 938 et
509 877 650 958 Episcopi
671 878 777 957 pensio
791 879 890 940 sotium
905 878 995 942 afficit
1010 880 1177 945 beneficia·

202 985 219 1027 1
239 965 316 1026 rium
333 967 422 1044 cujus
443 965 529 1027 obitu
544 967 741 1047 extinguitur.
760 987 776 1026 o
793 969 829 1028 Et
844 969 918 1029 ratio
932 969 1118 1034 discriminis
1133 981 1178 1035 est

199 1055 280 1132 qnid
300 1053 338 1116 sit
359 1054 543 1134 prohibitum
564 1054 711 1116 beneficia
730 1055 868 1117 conterre
889 1077 959 1120 cum
974 1059 1178 1124 dismembre-

199 1141 282 1204 tione
298 1143 355 1220 (tit.
373 1147 422 1217 m,
438 1143 490 1206 tib.
507 1147 525 1205 3
540 1143 695 1226 Decret.):
713 1144 887 1208 undesolus
902 1148 980 1226 Papa
995 1149 1179 1228 pensionem

198 1230 481 1310 imponere-potest
507 1251 576 1312 quae
604 1233 718 1295 haereot
742 1233 892 1298 beneficio
920 1245 949 1299 et
974 1245 1109 1300 transeat
1139 1241 1202 1304 ad'

198 1335 307 1380 omnes
329 1319 394 1397 ejus
421 1338 619 1398 possessores,
642 1321 716 1384 dum
742 1324 918 1404 Episcopus
931 1333 1029 1405 potest
1052 1329 1177 1392 tentum

198 1406 357 1486 imponere
370 1401 548 1488 pensionem
562 1410 600 1472 ad
614 1411 705 1472 vitam
716 1411 900 1476 beneficiarii
919 1435 926 1476 :
942 1415 997 1477 hac
1007 1420 1091 1480 enim
1101 1439 1180 1500 pen·

198 1495 285 1558 sione
310 1515 372 1557 non
402 1497 550 1560 minuitur
571 1499 770 1576 beneficium,
797 1503 870 1564 cum
899 1508 1005 1586 possit,
1030 1507 1179 1572 defuneto

199 1583 403 1660 beneficiario,
427 1585 494 1648 sind
516 1605 609 1650 onere
632 1589 670 1650 ad
692 1589 766 1651 atine
789 1592 935 1668 conterri3
962 1596 1015 1657 sed
1035 1605 1178 1677 gravatur

199 1673 260 1734 sola
291 1693 420 1754 persona
448 1675 643 1754 beneficiarii,
673 1679 726 1759 qui
756 1682 884 1762 percipit
913 1684 1038 1764 quidem
1067 1702 1177 1750 omnes

199 1760 336 1839 tructus,
362 1764 415 1826 sed
435 1771 554 1828 tenetur
574 1785 629 1848 per
650 1785 738 1830 suam
761 1769 853 1831 vitam
875 1773 1055 1851 pensionem
1079 1795 1118 1838 ex
1141 1777 1176 1838 iis

199 1851 326 1912 solvere.
495 1866 497 1870 ’

242 1937 296 1996 atti
317 1943 418 1999 tamen
439 1939 525 2002 aliter
547 1944 682 2006 sentiunt
707 1964 715 2008 ε
738 1947 823 2026 juxte
847 1957 1002 2015 auctorem
1031 1955 1175 2020 Proeleet:

149 2059 153 2066 -
200 2021 231 2088 S.
249 2024 388 2104 Sulpitii
401 2027 449 2105 (11ο
468 2030 553 2110 569),
575 2033 627 2112 qui
648 2034 780 2098 adhaeret
803 2042 960 2103 sententiae
982 2043 1125 2122 Pirriting
1147 2055 1177 2108 ct

200 2111 473 2192 Sohrnaizgrueber
484 2117 650 2182 dicentium
665 2143 681 2180 e
696 2123 803 2186 saltem
817 2127 843 2187 vi
855 2133 1177 2216 consuetudinisEpis·

203 2223 219 2261 α
240 2218 333 2280 oopos
351 2221 438 2282 posse
459 2204 617 2286 imponere
638 2213 801 2290 pensiones
819 2217 858 2277 ed
880 2219 1063 2298 pensionarii
1084 2225 1176 2288 vitem

204 2310 220 2348 a
240 2309 271 2350 se
286 2291 483 2354 extendentes
496 2316 526 2370 o,
541 2299 578 2359 ed
599 2301 680 2380 qudd
696 2321 783 2364 secus
799 2324 860 2367 non
880 2309 951 2368 satis
965 2311 1175 2390 provideretur

200 2381 407 2442 sustentationi
421 2385 521 2447 clerici
535 2389 587 2468 qui
602 2409 657 2452 suo
672 2391 821 2456 beneficio
837 2401 1030 2461 renuntiavit.
1048 2404 1107 2464 Sed
1118 2404 1176 2466 hoe

200 2471 342 2548 expresse
360 2476 535 2538 contradicit
555 2497 620 2560 cap.
649 2481 721 2543 tter·
739 2493 829 2544 essent
851 2489 965 2560 11111
988 2489 1172 2558 Proedendis.

199 2556 238 2618 Et
252 2559 355 2619 reveri
369 2562 400 2623 S.
413 2563 523 2644 Congr.
540 2567 632 2629 Cone.
645 2565 676 2630 in
689 2573 775 2634 cousd
788 2576 938 2656 Copnond,
954 2581 1094 2644 consulto
1104 2603 1173 2648 nan

203 2665 220 2706 a
239 2655 268 2706 et
283 2650 437 2726 quomodo
450 2655 611 2732 pensiones
625 2661 830 2724 sustineantur
846 2666 877 2725 in
891 2684 961 2728 casu
971 2667 987 2729 ‘i
998 2672 1175 2754 »Respon-

204 2755 219 2794 o
239 2734 293 2808 dit,
309 2741 347 2798 19
359 2739 427 2816 julii
450 2745 522 2805 1861
542 2763 550 2806 :
567 2747 752 2828 Affirmotr‘od
766 2754 863 2832 quoad
886 2757 1047 2834 pensiones
1063 2781 1174 2840 perso-

204 2828 334 2902 nnates,
361 2828 401 2890 ite
429 2837 462 2892 ut
489 2845 606 2898 cessent
630 2846 727 2902 morte
755 2841 950 2924 beneficiarii,
977 2850 1023 2911 vet
1052 2855 1176 2932 pensio·

203 2931 362 2977 anain.»

238 3001 347 3066 Pensio
362 3004 450 3068 debet
464 3027 529 3072 esse
544 3015 707 3092 moderata,
730 3026 761 3082 et
782 3017 979 3106 relinquenda
996 3036 1041 3094 est
1057 3031 1175 3101 heneti-

198 3090 291 3154 ciario
305 3096 481 3158 sustentatio
498 3100 652 3166 sufficiens
672 3127 679 3168 :
696 3109 762 3170 tatis
777 3118 877 3174 autem
894 3116 1074 3200 pierumque
1096 3145 1173 3190 cen-

198 3186 281 3242 setur
294 3183 380 3242 tertie
396 3202 464 3260 pars
484 3186 648 3255 tractuum.
666 3197 769 3261 Deroti
784 3203 858 3264 dicit
877 3207 965 3268 soteri
988 3211 1003 3269 a
1025 3211 1176 3281 Pontifice

198 3271 340 3331 resonari
355 3269 445 3334 etiam
458 3275 614 3342 dimidiam
627 3293 740 3362 partem
750 3290 831 3370 (ride
841 3292 892 3354 tib.
908 3299 938 3372 2,
952 3298 995 3360 tit.
1012 3303 1060 3374 11,
1075 3303 1093 3384 S
1106 3308 1170 3383 33).

198 3357 392 3420 Innocentius
408 3365 481 3426 vend
492 3365 556 3442 xn,
576 3370 606 3432 in
622 3375 677 3435 sut
691 3377 817 3440 Constit.
834 3387 852 3442 't
868 3383 943 3447 febr.
963 3391 1051 3464 1687,
1064 3395 1172 3471 prohi-

200 3445 248 3507 bet
271 3446 336 3508 deri
358 3451 619 3529 pensionesuitra
644 3465 845 3533 medietatem.
876 3474 1048 3540 Coneiiium
1069 3491 1172 3550 autern

198 3533 330 3597 Trident.
349 3537 434 3618 (sess.
445 3546 494 3617 et,
512 3564 540 3608 o.
556 3551 603 3624 13,
617 3550 739 3634 dores.)
752 3551 829 3620 vetat
841 3566 958 3626 onerari
972 3569 1171 3646 pensionibus

200 3624 345 3688 Ecclesiae
360 3628 561 3711 Cathedrates,
579 3659 647 3720 quae
659 3661 776 3708 annuos
791 3648 917 3714 ducatos
931 3656 1023 3735 mitte,
1040 3667 1071 3721 11
1085 3682 1171 3744 paro·

197 3711 307 3774 chiates
322 3735 390 3796 quae
402 3730 526 3785 centum
536 3727 599 3789 suis
614 3729 759 3796 fructibus
777 3756 836 3800 non
852 3755 1006 3823 superant.

238 3803 294 3864 Per
314 3803 474 3875 Constitui.
501 3815 532 3877 S.
558 3817 601 3878 Pii
624 3821 661 3896 V,
688 3826 908 3909 pensionarius,
925 3835 950 3896 si
965 3837 1003 3898 sit
1027 3839 1167 3922 clericus,
