<?xml version="1.0" encoding="UTF-8"?>
<!DOCTYPE html PUBLIC "-//W3C//DTD XHTML 1.0 Transitional//EN"
    "http://www.w3.org/TR/xhtml1/DTD/xhtml1-transitional.dtd">
<html xmlns="http://www.w3.org/1999/xhtml" xml:lang="en" lang="en">
 <head>
  <title>
</title>
<meta http-equiv="Content-Type" content="text/html;charset=utf-8" />
  <meta name='ocr-system' content='tesseract 3.04.00' />
  <meta name='ocr-capabilities' content='ocr_page ocr_carea ocr_par ocr_line ocrx_word'/>
</head>
<body>
  <div class='ocr_page' id='page_1' title='image "./elementajurisca00craigoog_0437.png"; bbox 0 0 2618 4212; ppageno 0'>
   <div class='ocr_carea' id='block_1_1' title="bbox 187 260 884 324">
    <p class='ocr_par' dir='ltr' id='par_1_1' title="bbox 187 260 884 324">
     <span class='ocr_line' id='line_1_1' title="bbox 187 260 884 324; baseline -0.023 -3"><span class='ocrx_word' id='word_1_1' title='bbox 187 260 243 324; x_wconf 80' lang='lat' dir='ltr'>tto</span> <span class='ocrx_word' id='word_1_2' title='bbox 459 269 614 318; x_wconf 79' lang='lat' dir='ltr'>nusuenra</span> <span class='ocrx_word' id='word_1_3' title='bbox 633 267 716 316; x_wconf 83' lang='lat' dir='ltr'>tunrs</span> <span class='ocrx_word' id='word_1_4' title='bbox 736 263 884 312; x_wconf 78' lang='lat' dir='ltr'>cluonrcr.</span> 
     </span>
    </p>
   </div>
   <div class='ocr_carea' id='block_1_2' title="bbox 644 459 700 525">
    <p class='ocr_par' dir='ltr' id='par_1_2' title="bbox 644 459 700 525">
     <span class='ocr_line' id='line_1_2' title="bbox 644 459 700 525; baseline 0.054 -4"><span class='ocrx_word' id='word_1_5' title='bbox 644 459 700 525; x_wconf 82' lang='lat' dir='ltr'>xl.</span> 
     </span>
    </p>
   </div>
   <div class='ocr_carea' id='block_1_3' title="bbox 186 618 1174 781">
    <p class='ocr_par' dir='ltr' id='par_1_3' title="bbox 186 618 1174 781">
     <span class='ocr_line' id='line_1_3' title="bbox 186 618 1174 671; baseline -0.002 0"><span class='ocrx_word' id='word_1_6' title='bbox 186 623 271 671; x_wconf 75' lang='lat' dir='ltr'>cruet</span> <span class='ocrx_word' id='word_1_7' title='bbox 292 623 396 669; x_wconf 80' lang='lat' dir='ltr'>trouuu</span> <span class='ocrx_word' id='word_1_8' title='bbox 411 622 597 668; x_wconf 82' lang='lat' dir='ltr'>enocunmor</span> <span class='ocrx_word' id='word_1_9' title='bbox 619 618 845 666; x_wconf 77' lang='lat' dir='ltr'>mconourcerrt</span> <span class='ocrx_word' id='word_1_10' title='bbox 866 618 968 666; x_wconf 76' lang='lat' dir='ltr'>clusis</span> <span class='ocrx_word' id='word_1_11' title='bbox 987 621 1174 670; x_wconf 79' lang='lat' dir='ltr'>urscrrcrnu·</span> 
     </span>
     <span class='ocr_line' id='line_1_4' title="bbox 225 689 1130 781; baseline -0.003 -21"><span class='ocrx_word' id='word_1_12' title='bbox 225 711 309 760; x_wconf 87' lang='lat' dir='ltr'>nruus</span> <span class='ocrx_word' id='word_1_13' title='bbox 328 713 364 758; x_wconf 83' lang='lat' dir='ltr'>sn</span> <span class='ocrx_word' id='word_1_14' title='bbox 378 711 587 758; x_wconf 70' lang='lat' dir='ltr'>caruissemus</span> <span class='ocrx_word' id='word_1_15' title='bbox 606 708 792 755; x_wconf 84' lang='lat' dir='ltr'>ceenrcoauu</span> <span class='ocrx_word' id='word_1_16' title='bbox 807 689 861 772; x_wconf 89' lang='lat' dir='ltr'>(ad</span> <span class='ocrx_word' id='word_1_17' title='bbox 875 689 908 751; x_wconf 89' lang='grc' dir='ltr'>Τ.</span> <span class='ocrx_word' id='word_1_18' title='bbox 926 689 963 768; x_wconf 86' lang='lat' dir='ltr'>lt,</span> <span class='ocrx_word' id='word_1_19' title='bbox 992 711 1025 781; x_wconf 95' lang='lat' dir='ltr'>p.</span> <span class='ocrx_word' id='word_1_20' title='bbox 1042 694 1130 776; x_wconf 80' lang='lat'>655).</span> 
     </span>
    </p>
   </div>
   <div class='ocr_carea' id='block_1_4' title="bbox 187 823 1177 1437">
    <p class='ocr_par' dir='ltr' id='par_1_4' title="bbox 187 823 1177 1437">
     <span class='ocr_line' id='line_1_5' title="bbox 200 823 1175 906; baseline 0.007 -19"><span class='ocrx_word' id='word_1_21' title='bbox 200 881 203 887; x_wconf 17' lang='grc' dir='ltr'><strong><em>Δ</em></strong></span> <span class='ocrx_word' id='word_1_22' title='bbox 224 827 371 902; x_wconf 80' lang='lat' dir='ltr'>Quamvis</span> <span class='ocrx_word' id='word_1_23' title='bbox 386 827 417 890; x_wconf 91' lang='lat' dir='ltr'>in</span> <span class='ocrx_word' id='word_1_24' title='bbox 434 827 569 890; x_wconf 85' lang='lat' dir='ltr'>decursu</span> <span class='ocrx_word' id='word_1_25' title='bbox 594 825 700 906; x_wconf 86' lang='lat' dir='ltr'>operis</span> <span class='ocrx_word' id='word_1_26' title='bbox 714 823 885 906; x_wconf 84' lang='lat' dir='ltr'>specialem</span> <span class='ocrx_word' id='word_1_27' title='bbox 911 830 1080 890; x_wconf 89' lang='lat' dir='ltr'>tractatum</span> <span class='ocrx_word' id='word_1_28' title='bbox 1106 847 1175 894; x_wconf 91' lang='lat' dir='ltr'>non</span> 
     </span>
     <span class='ocr_line' id='line_1_6' title="bbox 187 911 1174 998; baseline 0.002 -20"><span class='ocrx_word' id='word_1_29' title='bbox 187 917 391 979; x_wconf 83' lang='lat' dir='ltr'>habuerimus</span> <span class='ocrx_word' id='word_1_30' title='bbox 416 916 456 977; x_wconf 91' lang='lat' dir='ltr'>de</span> <span class='ocrx_word' id='word_1_31' title='bbox 469 914 598 995; x_wconf 81' lang='lat' dir='ltr'>judiciis</span> <span class='ocrx_word' id='word_1_32' title='bbox 612 912 842 988; x_wconf 87' lang='lat' dir='ltr'>ecclesiasticis,</span> <span class='ocrx_word' id='word_1_33' title='bbox 858 911 936 993; x_wconf 89' lang='lat' dir='ltr'>quid</span> <span class='ocrx_word' id='word_1_34' title='bbox 953 923 1059 977; x_wconf 90' lang='lat' dir='ltr'>tamen</span> <span class='ocrx_word' id='word_1_35' title='bbox 1075 935 1174 998; x_wconf 84' lang='lat' dir='ltr'>peru-</span> 
     </span>
     <span class='ocr_line' id='line_1_7' title="bbox 188 999 1177 1073; baseline 0.004 -7"><span class='ocrx_word' id='word_1_36' title='bbox 188 1005 241 1067; x_wconf 86' lang='lat' dir='ltr'>tile</span> <span class='ocrx_word' id='word_1_37' title='bbox 255 1023 312 1067; x_wconf 89' lang='lat' dir='ltr'>uos</span> <span class='ocrx_word' id='word_1_38' title='bbox 341 1004 476 1066; x_wconf 79' lang='lat' dir='ltr'>tacturos</span> <span class='ocrx_word' id='word_1_39' title='bbox 489 1012 555 1066; x_wconf 89' lang='lat' dir='ltr'>esse</span> <span class='ocrx_word' id='word_1_40' title='bbox 570 1001 712 1064; x_wconf 88' lang='lat' dir='ltr'>arbitrati</span> <span class='ocrx_word' id='word_1_41' title='bbox 726 1019 850 1073; x_wconf 86' lang='lat' dir='ltr'>sumus,</span> <span class='ocrx_word' id='word_1_42' title='bbox 864 1000 889 1061; x_wconf 89' lang='lat' dir='ltr'>si</span> <span class='ocrx_word' id='word_1_43' title='bbox 914 999 967 1064; x_wconf 88' lang='lat' dir='ltr'>hic</span> <span class='ocrx_word' id='word_1_44' title='bbox 979 1003 1177 1070; x_wconf 80' lang='lat' dir='ltr'>adderemus</span> 
     </span>
     <span class='ocr_line' id='line_1_8' title="bbox 188 1089 1176 1174; baseline 0.003 -20"><span class='ocrx_word' id='word_1_45' title='bbox 188 1090 586 1155; x_wconf 87' lang='lat' dir='ltr'>lnstruetionemcditama</span> <span class='ocrx_word' id='word_1_46' title='bbox 608 1089 639 1154; x_wconf 90' lang='lat' dir='ltr'>S.</span> <span class='ocrx_word' id='word_1_47' title='bbox 665 1089 697 1152; x_wconf 87' lang='lat' dir='ltr'>C.</span> <span class='ocrx_word' id='word_1_48' title='bbox 724 1089 955 1171; x_wconf 85' lang='lat' dir='ltr'>Episcopomm</span> <span class='ocrx_word' id='word_1_49' title='bbox 974 1099 1005 1154; x_wconf 89' lang='lat' dir='ltr'>et</span> <span class='ocrx_word' id='word_1_50' title='bbox 1032 1093 1176 1174; x_wconf 84' lang='lat' dir='ltr'>Regula·</span> 
     </span>
     <span class='ocr_line' id='line_1_9' title="bbox 191 1177 1177 1262; baseline 0.003 -19"><span class='ocrx_word' id='word_1_51' title='bbox 191 1183 269 1243; x_wconf 81' lang='lat' dir='ltr'>nium</span> <span class='ocrx_word' id='word_1_52' title='bbox 280 1199 375 1262; x_wconf 87' lang='lat' dir='ltr'>super·</span> <span class='ocrx_word' id='word_1_53' title='bbox 389 1180 492 1242; x_wconf 88' lang='lat' dir='ltr'>causis</span> <span class='ocrx_word' id='word_1_54' title='bbox 502 1178 689 1242; x_wconf 84' lang='lat' dir='ltr'>clericorum</span> <span class='ocrx_word' id='word_1_55' title='bbox 705 1198 716 1242; x_wconf 88' lang='grc'>.·</span> <span class='ocrx_word' id='word_1_56' title='bbox 731 1196 802 1258; x_wconf 81' lang='lat' dir='ltr'>quae</span> <span class='ocrx_word' id='word_1_57' title='bbox 816 1177 985 1243; x_wconf 90' lang='lat' dir='ltr'>lnstructio</span> <span class='ocrx_word' id='word_1_58' title='bbox 997 1182 1036 1244; x_wconf 88' lang='lat' dir='ltr'>ad</span> <span class='ocrx_word' id='word_1_59' title='bbox 1062 1180 1177 1246; x_wconf 84' lang='lat' dir='ltr'>Curias</span> 
     </span>
     <span class='ocr_line' id='line_1_10' title="bbox 187 1263 1177 1354; baseline 0.001 -21"><span class='ocrx_word' id='word_1_60' title='bbox 187 1267 483 1350; x_wconf 81' lang='lat' dir='ltr'>episcopalesltaliae</span> <span class='ocrx_word' id='word_1_61' title='bbox 493 1267 622 1342; x_wconf 84' lang='lat' dir='ltr'>directa,</span> <span class='ocrx_word' id='word_1_62' title='bbox 636 1275 763 1331; x_wconf 80' lang='lat' dir='ltr'>extensa</span> <span class='ocrx_word' id='word_1_63' title='bbox 773 1265 865 1330; x_wconf 87' lang='lat' dir='ltr'>estad</span> <span class='ocrx_word' id='word_1_64' title='bbox 875 1263 1108 1334; x_wconf 83' lang='lat' dir='ltr'>CuriasGalliae</span> <span class='ocrx_word' id='word_1_65' title='bbox 1119 1290 1177 1354; x_wconf 89' lang='lat' dir='ltr'>per</span> 
     </span>
     <span class='ocr_line' id='line_1_11' title="bbox 190 1354 1017 1437; baseline 0.001 -17"><span class='ocrx_word' id='word_1_66' title='bbox 190 1359 352 1420; x_wconf 77' lang='lat' dir='ltr'>Decretum</span> <span class='ocrx_word' id='word_1_67' title='bbox 378 1356 519 1437; x_wconf 86' lang='lat' dir='ltr'>ejusdem</span> <span class='ocrx_word' id='word_1_68' title='bbox 536 1355 568 1420; x_wconf 86' lang='lat' dir='ltr'>S.</span> <span class='ocrx_word' id='word_1_69' title='bbox 585 1355 618 1420; x_wconf 87' lang='lat' dir='ltr'>C.</span> <span class='ocrx_word' id='word_1_70' title='bbox 636 1355 697 1418; x_wconf 89' lang='lat' dir='ltr'>diei</span> <span class='ocrx_word' id='word_1_71' title='bbox 714 1354 751 1416; x_wconf 79' lang='lat' dir='ltr'>ll</span> <span class='ocrx_word' id='word_1_72' title='bbox 769 1356 906 1436; x_wconf 85' lang='lat' dir='ltr'>januarii</span> <span class='ocrx_word' id='word_1_73' title='bbox 922 1356 1017 1422; x_wconf 74' lang='lat'><strong>1882.</strong></span> 
     </span>
    </p>
   </div>
   <div class='ocr_carea' id='block_1_5' title="bbox 546 1565 808 1622">
    <p class='ocr_par' dir='ltr' id='par_1_5' title="bbox 546 1565 808 1622">
     <span class='ocr_line' id='line_1_12' title="bbox 546 1565 808 1622; baseline 0 0"><span class='ocrx_word' id='word_1_74' title='bbox 546 1565 808 1622; x_wconf 81' lang='lat' dir='ltr'>INSTRUOTIO</span> 
     </span>
    </p>
   </div>
   <div class='ocr_carea' id='block_1_6' title="bbox 190 1718 1176 1859">
    <p class='ocr_par' dir='ltr' id='par_1_6' title="bbox 190 1718 1176 1859">
     <span class='ocr_line' id='line_1_13' title="bbox 190 1718 1176 1774; baseline 0.002 -7"><span class='ocrx_word' id='word_1_75' title='bbox 190 1721 244 1768; x_wconf 83' lang='lat' dir='ltr'>eno</span> <span class='ocrx_word' id='word_1_76' title='bbox 261 1720 491 1770; x_wconf 79' lang='lat' dir='ltr'>eccnssusrrcrs</span> <span class='ocrx_word' id='word_1_77' title='bbox 514 1719 611 1766; x_wconf 85' lang='lat' dir='ltr'>eunus</span> <span class='ocrx_word' id='word_1_78' title='bbox 636 1719 734 1774; x_wconf 84' lang='lat' dir='ltr'>onom</span> <span class='ocrx_word' id='word_1_79' title='bbox 755 1718 857 1766; x_wconf 81' lang='lat' dir='ltr'>nonus</span> <span class='ocrx_word' id='word_1_80' title='bbox 888 1721 1072 1770; x_wconf 82' lang='lat' dir='ltr'>rnocsosnnr</span> <span class='ocrx_word' id='word_1_81' title='bbox 1086 1725 1176 1770; x_wconf 75' lang='lat' dir='ltr'>mco·</span> 
     </span>
     <span class='ocr_line' id='line_1_14' title="bbox 226 1807 1175 1859; baseline -0.002 1"><span class='ocrx_word' id='word_1_82' title='bbox 226 1812 334 1859; x_wconf 76' lang='lat' dir='ltr'>Noltluu</span> <span class='ocrx_word' id='word_1_83' title='bbox 343 1810 374 1855; x_wconf 78' lang='lat' dir='ltr'>ut</span> <span class='ocrx_word' id='word_1_84' title='bbox 384 1809 483 1856; x_wconf 79' lang='lat' dir='ltr'>causrs</span> <span class='ocrx_word' id='word_1_85' title='bbox 497 1807 746 1853; x_wconf 77' lang='lat' dir='ltr'>urscrrurnrnmus</span> <span class='ocrx_word' id='word_1_86' title='bbox 755 1807 792 1852; x_wconf 84' lang='lat' dir='ltr'>ur</span> <span class='ocrx_word' id='word_1_87' title='bbox 805 1807 1011 1857; x_wconf 79' lang='lat' dir='ltr'>cnrurutcmus</span> <span class='ocrx_word' id='word_1_88' title='bbox 1026 1811 1175 1858; x_wconf 80' lang='lat' dir='ltr'>omnmo-</span> 
     </span>
    </p>
   </div>
   <div class='ocr_carea' id='block_1_7' title="bbox 228 1903 300 1948">
    <p class='ocr_par' dir='ltr' id='par_1_7' title="bbox 228 1903 300 1948">
     <span class='ocr_line' id='line_1_15' title="bbox 228 1903 300 1948; baseline -0.056 0"><span class='ocrx_word' id='word_1_89' title='bbox 228 1903 300 1948; x_wconf 74' lang='lat' dir='ltr'>nutu.</span> 
     </span>
    </p>
   </div>
   <div class='ocr_carea' id='block_1_8' title="bbox 173 1993 1178 3128">
    <p class='ocr_par' dir='ltr' id='par_1_8' title="bbox 229 1993 869 2061">
     <span class='ocr_line' id='line_1_16' title="bbox 229 1993 869 2061; baseline -0.008 0"><span class='ocrx_word' id='word_1_90' title='bbox 229 1999 283 2061; x_wconf 85' lang='lat' dir='ltr'>Die</span> <span class='ocrx_word' id='word_1_91' title='bbox 300 1996 335 2059; x_wconf 87' lang='lat' dir='ltr'>ll</span> <span class='ocrx_word' id='word_1_92' title='bbox 352 1994 437 2058; x_wconf 82' lang='lat' dir='ltr'>Iunii</span> <span class='ocrx_word' id='word_1_93' title='bbox 449 1993 538 2056; x_wconf 75' lang='lat' dir='ltr'>letto,</span> <span class='ocrx_word' id='word_1_94' title='bbox 861 2045 869 2056; x_wconf 80' lang='grc'><strong><em>,</em></strong></span> 
     </span>
    </p>

    <p class='ocr_par' dir='ltr' id='par_1_9' title="bbox 188 2080 1178 2964">
     <span class='ocr_line' id='line_1_17' title="bbox 226 2080 1176 2168; baseline 0.002 -18"><span class='ocrx_word' id='word_1_95' title='bbox 226 2085 319 2150; x_wconf 86' lang='lat' dir='ltr'>Sacra</span> <span class='ocrx_word' id='word_1_96' title='bbox 347 2083 415 2146; x_wconf 86' lang='lat' dir='ltr'>lraec</span> <span class='ocrx_word' id='word_1_97' title='bbox 435 2083 496 2146; x_wconf 82' lang='lat' dir='ltr'>Ed.</span> <span class='ocrx_word' id='word_1_98' title='bbox 512 2091 541 2146; x_wconf 93' lang='lat' dir='ltr'>et</span> <span class='ocrx_word' id='word_1_99' title='bbox 554 2081 616 2146; x_wconf 83' lang='lat' dir='ltr'>lili.</span> <span class='ocrx_word' id='word_1_100' title='bbox 634 2080 850 2164; x_wconf 76' lang='lat' dir='ltr'>congregatio,</span> <span class='ocrx_word' id='word_1_101' title='bbox 873 2092 995 2147; x_wconf 89' lang='lat' dir='ltr'>mature</span> <span class='ocrx_word' id='word_1_102' title='bbox 1020 2089 1176 2168; x_wconf 74' lang='lat' dir='ltr'>praesenti</span> 
     </span>
     <span class='ocr_line' id='line_1_18' title="bbox 189 2171 1177 2258; baseline 0.003 -22"><span class='ocrx_word' id='word_1_103' title='bbox 189 2173 334 2236; x_wconf 73' lang='lat' dir='ltr'>Ecclesiae</span> <span class='ocrx_word' id='word_1_104' title='bbox 348 2171 528 2233; x_wconf 87' lang='lat' dir='ltr'>conditione</span> <span class='ocrx_word' id='word_1_105' title='bbox 541 2171 707 2252; x_wconf 81' lang='lat' dir='ltr'>perpensa,</span> <span class='ocrx_word' id='word_1_106' title='bbox 731 2191 803 2253; x_wconf 83' lang='lat' dir='ltr'>quae</span> <span class='ocrx_word' id='word_1_107' title='bbox 828 2191 908 2254; x_wconf 92' lang='lat' dir='ltr'>pene</span> <span class='ocrx_word' id='word_1_108' title='bbox 924 2173 1044 2254; x_wconf 86' lang='lat' dir='ltr'>ubique</span> <span class='ocrx_word' id='word_1_109' title='bbox 1073 2177 1177 2258; x_wconf 89' lang='lat' dir='ltr'>impe·</span> 
     </span>
     <span class='ocr_line' id='line_1_19' title="bbox 188 2260 1178 2347; baseline 0.003 -21"><span class='ocrx_word' id='word_1_110' title='bbox 188 2263 283 2337; x_wconf 89' lang='lat' dir='ltr'>ditur,</span> <span class='ocrx_word' id='word_1_111' title='bbox 300 2260 644 2342; x_wconf 85' lang='lat' dir='ltr'>quominusexternam</span> <span class='ocrx_word' id='word_1_112' title='bbox 654 2261 789 2340; x_wconf 80' lang='lat' dir='ltr'>explicet</span> <span class='ocrx_word' id='word_1_113' title='bbox 802 2278 892 2322; x_wconf 89' lang='lat' dir='ltr'>suam</span> <span class='ocrx_word' id='word_1_114' title='bbox 905 2262 1064 2325; x_wconf 75' lang='lat' dir='ltr'>actionem</span> <span class='ocrx_word' id='word_1_115' title='bbox 1078 2283 1178 2347; x_wconf 86' lang='lat' dir='ltr'>super</span> 
     </span>
     <span class='ocr_line' id='line_1_20' title="bbox 189 2347 1176 2434; baseline 0.007 -23"><span class='ocrx_word' id='word_1_116' title='bbox 189 2349 335 2412; x_wconf 88' lang='lat' dir='ltr'>materias</span> <span class='ocrx_word' id='word_1_117' title='bbox 348 2357 379 2409; x_wconf 90' lang='lat' dir='ltr'>et</span> <span class='ocrx_word' id='word_1_118' title='bbox 393 2363 543 2428; x_wconf 86' lang='lat' dir='ltr'>personas</span> <span class='ocrx_word' id='word_1_119' title='bbox 556 2347 792 2424; x_wconf 87' lang='lat' dir='ltr'>ecclesiasticas,</span> <span class='ocrx_word' id='word_1_120' title='bbox 820 2357 850 2411; x_wconf 85' lang='lat' dir='ltr'>ct</span> <span class='ocrx_word' id='word_1_121' title='bbox 864 2348 1065 2415; x_wconf 90' lang='lat' dir='ltr'>considerato</span> <span class='ocrx_word' id='word_1_122' title='bbox 1093 2373 1176 2434; x_wconf 88' lang='lat' dir='ltr'>quo·</span> 
     </span>
     <span class='ocr_line' id='line_1_21' title="bbox 189 2434 1174 2518; baseline 0.004 -18"><span class='ocrx_word' id='word_1_123' title='bbox 189 2456 250 2518; x_wconf 83' lang='lat' dir='ltr'>que</span> <span class='ocrx_word' id='word_1_124' title='bbox 269 2434 392 2500; x_wconf 85' lang='lat' dir='ltr'>defectu</span> <span class='ocrx_word' id='word_1_125' title='bbox 407 2434 583 2496; x_wconf 90' lang='lat' dir='ltr'>mediorum</span> <span class='ocrx_word' id='word_1_126' title='bbox 596 2445 741 2514; x_wconf 88' lang='lat' dir='ltr'>aptorum</span> <span class='ocrx_word' id='word_1_127' title='bbox 768 2453 825 2517; x_wconf 91' lang='lat' dir='ltr'>pro</span> <span class='ocrx_word' id='word_1_128' title='bbox 841 2437 977 2516; x_wconf 83' lang='lat' dir='ltr'>regulari</span> <span class='ocrx_word' id='word_1_129' title='bbox 1000 2438 1174 2504; x_wconf 75' lang='lat' dir='ltr'>curiarum</span> 
     </span>
     <span class='ocr_line' id='line_1_22' title="bbox 188 2521 1176 2601; baseline 0.003 -12"><span class='ocrx_word' id='word_1_130' title='bbox 188 2525 396 2601; x_wconf 89' lang='lat' dir='ltr'>ordinatione,</span> <span class='ocrx_word' id='word_1_131' title='bbox 421 2523 583 2585; x_wconf 86' lang='lat' dir='ltr'>constituit</span> <span class='ocrx_word' id='word_1_132' title='bbox 616 2521 803 2586; x_wconf 81' lang='lat' dir='ltr'>facultatum</span> <span class='ocrx_word' id='word_1_133' title='bbox 831 2521 1007 2589; x_wconf 87' lang='lat' dir='ltr'>Ordinariis</span> <span class='ocrx_word' id='word_1_134' title='bbox 1024 2525 1176 2592; x_wconf 88' lang='lat' dir='ltr'>locorum</span> 
     </span>
     <span class='ocr_line' id='line_1_23' title="bbox 188 2608 1173 2696; baseline 0.003 -18"><span class='ocrx_word' id='word_1_135' title='bbox 188 2631 335 2696; x_wconf 81' lang='lat' dir='ltr'>expresse</span> <span class='ocrx_word' id='word_1_136' title='bbox 349 2609 531 2684; x_wconf 74' lang='lat' dir='ltr'>concedere,</span> <span class='ocrx_word' id='word_1_137' title='bbox 557 2624 589 2673; x_wconf 88' lang='lat' dir='ltr'>ut</span> <span class='ocrx_word' id='word_1_138' title='bbox 605 2608 722 2676; x_wconf 79' lang='lat' dir='ltr'>formas</span> <span class='ocrx_word' id='word_1_139' title='bbox 733 2613 833 2694; x_wconf 85' lang='lat' dir='ltr'>magis</span> <span class='ocrx_word' id='word_1_140' title='bbox 848 2615 1063 2678; x_wconf 84' lang='lat' dir='ltr'>oeconomicus</span> <span class='ocrx_word' id='word_1_141' title='bbox 1078 2615 1173 2681; x_wconf 87' lang='lat' dir='ltr'>adhi-</span> 
     </span>
     <span class='ocr_line' id='line_1_24' title="bbox 192 2701 1176 2782; baseline 0.008 -18"><span class='ocrx_word' id='word_1_142' title='bbox 192 2706 266 2765; x_wconf 85' lang='lat' dir='ltr'>bere</span> <span class='ocrx_word' id='word_1_143' title='bbox 277 2701 404 2764; x_wconf 90' lang='lat' dir='ltr'>valeant</span> <span class='ocrx_word' id='word_1_144' title='bbox 419 2701 450 2763; x_wconf 89' lang='lat' dir='ltr'>in</span> <span class='ocrx_word' id='word_1_145' title='bbox 466 2701 615 2764; x_wconf 83' lang='lat' dir='ltr'>exercitio</span> <span class='ocrx_word' id='word_1_146' title='bbox 632 2719 694 2763; x_wconf 89' lang='lat' dir='ltr'>suae</span> <span class='ocrx_word' id='word_1_147' title='bbox 713 2701 930 2782; x_wconf 88' lang='lat' dir='ltr'>disciplinaris</span> <span class='ocrx_word' id='word_1_148' title='bbox 943 2703 1176 2782; x_wconf 74' lang='lat' dir='ltr'>iurisdictionis</span> 
     </span>
     <span class='ocr_line' id='line_1_25' title="bbox 189 2786 1172 2871; baseline 0.005 -17"><span class='ocrx_word' id='word_1_149' title='bbox 189 2808 282 2871; x_wconf 88' lang='lat' dir='ltr'>super</span> <span class='ocrx_word' id='word_1_150' title='bbox 298 2788 435 2852; x_wconf 86' lang='lat' dir='ltr'>Clericis.</span> <span class='ocrx_word' id='word_1_151' title='bbox 460 2786 498 2849; x_wconf 91' lang='lat' dir='ltr'>Ut</span> <span class='ocrx_word' id='word_1_152' title='bbox 513 2797 618 2850; x_wconf 89' lang='lat' dir='ltr'>autem</span> <span class='ocrx_word' id='word_1_153' title='bbox 636 2797 699 2851; x_wconf 91' lang='lat' dir='ltr'>tota</span> <span class='ocrx_word' id='word_1_154' title='bbox 718 2791 845 2868; x_wconf 76' lang='lat' dir='ltr'>justitiae</span> <span class='ocrx_word' id='word_1_155' title='bbox 862 2789 945 2853; x_wconf 87' lang='lat' dir='ltr'>ratio</span> <span class='ocrx_word' id='word_1_156' title='bbox 967 2800 1052 2855; x_wconf 91' lang='lat' dir='ltr'>certa</span> <span class='ocrx_word' id='word_1_157' title='bbox 1070 2801 1172 2859; x_wconf 90' lang='lat' dir='ltr'>tecta·</span> 
     </span>
     <span class='ocr_line' id='line_1_26' title="bbox 190 2872 1170 2964; baseline 0.006 -23"><span class='ocrx_word' id='word_1_158' title='bbox 190 2897 251 2961; x_wconf 88' lang='lat' dir='ltr'>que</span> <span class='ocrx_word' id='word_1_159' title='bbox 267 2883 403 2952; x_wconf 83' lang='lat' dir='ltr'>maneat,</span> <span class='ocrx_word' id='word_1_160' title='bbox 421 2884 625 2957; x_wconf 85' lang='lat' dir='ltr'>serveturque</span> <span class='ocrx_word' id='word_1_161' title='bbox 651 2894 858 2957; x_wconf 88' lang='lat' dir='ltr'>processuum</span> <span class='ocrx_word' id='word_1_162' title='bbox 881 2872 1034 2941; x_wconf 84' lang='lat' dir='ltr'>canonica</span> <span class='ocrx_word' id='word_1_163' title='bbox 1058 2885 1170 2964; x_wconf 78' lang='lat' dir='ltr'>regula</span> 
     </span>
    </p>

    <p class='ocr_par' dir='ltr' id='par_1_10' title="bbox 173 2964 1172 3128">
     <span class='ocr_line' id='line_1_27' title="bbox 173 2964 1172 3062; baseline 0.006 -33"><span class='ocrx_word' id='word_1_164' title='bbox 173 2970 299 3062; x_wconf 64' lang='lat' dir='ltr'>¹ritaset</span> <span class='ocrx_word' id='word_1_165' title='bbox 313 2964 749 3045; x_wconf 83' lang='lat' dir='ltr'>unilormitas‚opportunum</span> <span class='ocrx_word' id='word_1_166' title='bbox 764 2965 889 3029; x_wconf 88' lang='lat' dir='ltr'>censuit</span> <span class='ocrx_word' id='word_1_167' title='bbox 900 2975 1070 3048; x_wconf 90' lang='lat' dir='ltr'>sequentes</span> <span class='ocrx_word' id='word_1_168' title='bbox 1086 2989 1172 3035; x_wconf 93' lang='lat' dir='ltr'>ema·</span> 
     </span>
     <span class='ocr_line' id='line_1_28' title="bbox 191 3051 767 3128; baseline 0 -11"><span class='ocrx_word' id='word_1_169' title='bbox 191 3073 267 3118; x_wconf 86' lang='lat' dir='ltr'>nare</span> <span class='ocrx_word' id='word_1_170' title='bbox 282 3069 421 3128; x_wconf 69' lang='lat' dir='ltr'>normas</span> <span class='ocrx_word' id='word_1_171' title='bbox 439 3051 571 3114; x_wconf 78' lang='lat' dir='ltr'>atluriis</span> <span class='ocrx_word' id='word_1_172' title='bbox 585 3054 767 3117; x_wconf 86' lang='lat' dir='ltr'>servandas.</span> 
     </span>
    </p>
   </div>
   <div class='ocr_carea' id='block_1_9' title="bbox 658 3230 671 3276">
    <p class='ocr_par' dir='ltr' id='par_1_11' title="bbox 658 3230 671 3276">
     <span class='ocr_line' id='line_1_29' title="bbox 658 3230 671 3276; baseline 0 0"><span class='ocrx_word' id='word_1_173' title='bbox 658 3230 671 3276; x_wconf 94' lang='lat'>1</span> 
     </span>
    </p>
   </div>
   <div class='ocr_carea' id='block_1_10' title="bbox 175 3318 1172 3753">
    <p class='ocr_par' dir='ltr' id='par_1_12' title="bbox 175 3318 1172 3753">
     <span class='ocr_line' id='line_1_30' title="bbox 228 3318 1168 3406; baseline 0.01 -24"><span class='ocrx_word' id='word_1_174' title='bbox 228 3318 393 3382; x_wconf 85' lang='lat' dir='ltr'>Ordinario</span> <span class='ocrx_word' id='word_1_175' title='bbox 413 3318 570 3400; x_wconf 85' lang='lat' dir='ltr'>pastorale</span> <span class='ocrx_word' id='word_1_176' title='bbox 591 3337 672 3381; x_wconf 90' lang='lat' dir='ltr'>onus</span> <span class='ocrx_word' id='word_1_177' title='bbox 694 3319 850 3385; x_wconf 89' lang='lat' dir='ltr'>incumbit</span> <span class='ocrx_word' id='word_1_178' title='bbox 871 3321 1076 3406; x_wconf 87' lang='lat' dir='ltr'>disciplinam</span> <span class='ocrx_word' id='word_1_179' title='bbox 1103 3348 1168 3392; x_wconf 88' lang='lat' dir='ltr'>cor·</span> 
     </span>
     <span class='ocr_line' id='line_1_31' title="bbox 191 3406 1170 3492; baseline 0.01 -24"><span class='ocrx_word' id='word_1_180' title='bbox 191 3409 424 3486; x_wconf 83' lang='lat' dir='ltr'>rectionemnue</span> <span class='ocrx_word' id='word_1_181' title='bbox 445 3406 671 3470; x_wconf 82' lang='lat' dir='ltr'>Clericoruma</span> <span class='ocrx_word' id='word_1_182' title='bbox 693 3425 725 3470; x_wconf 92' lang='lat' dir='ltr'>se</span> <span class='ocrx_word' id='word_1_183' title='bbox 753 3409 1005 3491; x_wconf 86' lang='lat' dir='ltr'>dependentium</span> <span class='ocrx_word' id='word_1_184' title='bbox 1021 3421 1170 3492; x_wconf 86' lang='lat' dir='ltr'>curandi,</span> 
     </span>
     <span class='ocr_line' id='line_1_32' title="bbox 191 3495 1172 3585; baseline 0.01 -29"><span class='ocrx_word' id='word_1_185' title='bbox 191 3513 284 3576; x_wconf 88' lang='lat' dir='ltr'>super</span> <span class='ocrx_word' id='word_1_186' title='bbox 298 3495 480 3558; x_wconf 87' lang='lat' dir='ltr'>eorumdem</span> <span class='ocrx_word' id='word_1_187' title='bbox 500 3496 569 3558; x_wconf 87' lang='lat' dir='ltr'>vitae</span> <span class='ocrx_word' id='word_1_188' title='bbox 585 3495 738 3559; x_wconf 87' lang='lat' dir='ltr'>rationem</span> <span class='ocrx_word' id='word_1_189' title='bbox 756 3496 927 3579; x_wconf 81' lang='lat' dir='ltr'>vigilando,</span> <span class='ocrx_word' id='word_1_190' title='bbox 944 3501 1172 3585; x_wconf 84' lang='lat' dir='ltr'>remediisque</span> 
     </span>
     <span class='ocr_line' id='line_1_33' title="bbox 175 3583 1172 3669; baseline 0.013 -27"><span class='ocrx_word' id='word_1_191' title='bbox 175 3583 307 3646; x_wconf 77' lang='lat' dir='ltr'>,utendo</span> <span class='ocrx_word' id='word_1_192' title='bbox 320 3583 480 3646; x_wconf 89' lang='lat' dir='ltr'>canonicis</span> <span class='ocrx_word' id='word_1_193' title='bbox 504 3585 541 3646; x_wconf 88' lang='lat' dir='ltr'>ad</span> <span class='ocrx_word' id='word_1_194' title='bbox 566 3584 786 3666; x_wconf 75' lang='lat' dir='ltr'>precavendas</span> <span class='ocrx_word' id='word_1_195' title='bbox 814 3587 898 3669; x_wconf 91' lang='lat' dir='ltr'>apud</span> <span class='ocrx_word' id='word_1_196' title='bbox 913 3587 1042 3652; x_wconf 88' lang='lat' dir='ltr'>eosdem</span> <span class='ocrx_word' id='word_1_197' title='bbox 1065 3604 1097 3653; x_wconf 93' lang='lat' dir='ltr'>et</span> <span class='ocrx_word' id='word_1_198' title='bbox 1113 3595 1172 3655; x_wconf 87' lang='lat' dir='ltr'>eli·</span> 
     </span>
     <span class='ocr_line' id='line_1_34' title="bbox 192 3670 774 3753; baseline 0.009 -21"><span class='ocrx_word' id='word_1_199' title='bbox 192 3671 359 3733; x_wconf 91' lang='lat' dir='ltr'>minandas</span> <span class='ocrx_word' id='word_1_200' title='bbox 373 3670 493 3733; x_wconf 89' lang='lat' dir='ltr'>ordinis</span> <span class='ocrx_word' id='word_1_201' title='bbox 511 3673 774 3753; x_wconf 83' lang='lat' dir='ltr'>perturbationes.</span> 
     </span>
    </p>
   </div>
   <div class='ocr_carea' id='block_1_11' title="bbox 0 0 1321 4212">
    <p class='ocr_par' dir='ltr' id='par_1_13' title="bbox 0 0 1321 4212">
     <span class='ocr_line' id='line_1_35' title="bbox 0 0 1321 4212; baseline 0 0"><span class='ocrx_word' id='word_1_202' title='bbox 0 0 1321 4212; x_wconf 95' lang='lat' dir='ltr'> </span> 
     </span>
    </p>
   </div>
  </div>
 </body>
</html>
