2604 4196
160 210 219 268 tata
434 213 584 258 aprunum
606 210 687 255 runis
709 206 859 252 canonici.

161 317 228 379 loco
242 315 366 396 privato,
383 311 429 376 rel
444 312 469 374 si
486 329 576 373 causa
590 310 628 370 sit
641 307 805 369 astantibus
819 308 901 379 nota,
916 321 1026 385 nempe
1042 321 1137 366 sacer·

161 405 239 466 dotis
253 410 405 470 senectus,
421 401 590 474 iufirmitas,
608 397 665 458 loci
681 397 785 477 frigus.

201 493 338 555 Facultas
348 499 449 554 autem
463 487 650 551 concedendi
662 505 752 548 usum
765 485 865 564 pileoli
877 484 907 544 in
923 483 1014 544 missa
1025 486 1137 562 spectat

161 583 199 644 ad
214 581 343 660 Papam,
362 581 445 659 Juxta
459 577 549 639 decis.
567 577 598 638 S,
617 579 651 636 R.
669 577 714 651 C.‚
729 579 766 635 II
781 593 845 654 apr.
868 576 962 647 162&
986 579 1015 632 et
1028 574 1137 632 Ilecre-

162 676 226 733 tum
241 669 354 734 Urbani
367 669 433 730 VIII
454 667 545 728 modo
567 665 705 727 relatum.
734 664 832 724 Potest
851 667 951 724 autem
971 660 1139 740 Episcopus

163 758 241 821 hanc
259 757 412 820 licentiam
426 755 497 818 dare
514 754 672 815 canonicis
687 753 718 814 in
733 753 825 813 choro
840 749 961 829 (Germ,
976 749 1079 830 3203),
1092 749 1138 812 vel

164 847 253 908 etiam
275 844 342 909 aliis
363 843 568 906 sacerdotibus
588 849 724 922 tempore
745 841 842 902 missae
857 857 954 920 usque
974 838 1011 898 ad
1031 837 1139 899 Praela-

164 937 288 1007 tionem;
299 933 479 997 contradicit
489 938 592 994 tamen
602 931 716 992 Bened.
730 933 795 992 XIV
806 928 860 1007 (De
873 927 1026 1009 Serapio,
1045 927 1095 987 lib.
1110 931 1137 1003 t,

164 1043 189 1086 c.
208 1027 259 1099 IX,
275 1026 316 1101 3).

202 1117 272 1174 677.
296 1109 419 1183 Quaerit.
442 1112 490 1170 An
504 1109 592 1171 liceat
611 1108 653 1172 uti
667 1110 755 1170 coma
774 1106 876 1168 fictitia
888 1106 919 1166 in
937 1103 1138 1166 celebratione

164 1200 293 1262 Missael

202 1290 293 1369 llesp.
321 1286 480 1349 Affirmare
505 1286 736 1366 Pasqualigum,
757 1283 891 1363 Theoph.
911 1282 1136 1362 Reginaldum:

208 1380 364 1452 Attamen,
380 1375 478 1456 inquit
493 1374 604 1436 Bened.
617 1376 694 1449 XIV,
709 1381 825 1435 certum
838 1379 882 1434 est
895 1371 1094 1450 Reginaldum
1108 1379 1139 1434 et

168 1487 183 1522 c
203 1465 417 1546 Pasqualigum
427 1463 486 1524 falli
495 1511 503 1538 ,
512 1469 543 1526 et
553 1463 638 1524 Card.
651 1461 837 1524 Grimaldum
849 1459 1002 1541 (Archiep.
1014 1465 1137 1542 Aquen-

167 1575 181 1610 α
201 1571 287 1630 sem,
310 1553 363 1634 qui
387 1551 532 1614 sacerdoti
552 1551 673 1614 cuidam
690 1549 841 1612 lieentIam
859 1557 1047 1611 concesserat
1060 1550 1137 1612 mis-

167 1664 181 1698 o
203 1659 267 1702 sam
291 1639 461 1702 celebrandi
486 1658 556 1701 cum
577 1641 665 1700 coma
688 1638 887 1720 supposititia)
909 1657 972 1700 suae
985 1640 1138 1720 potestatis

167 1751 181 1786 o
203 1729 314 1791 limites
327 1737 584 1810 praetergressum.
608 1729 730 1790 Etenim
746 1746 872 1789 nemo...
895 1727 1021 1789 inficiari
1042 1735 1137 1808 potest

168 1840 183 1874 «
204 1837 257 1898 per
271 1817 374 1882 fictum
391 1819 567 1898 capillitium
583 1817 745 1879 sacerdotis
759 1824 849 1898 caput
866 1818 1028 1898 cooperirI;
1049 1818 1079 1878 ln
1093 1819 1136 1879 al-

168 1929 182 1963 «
203 1906 258 1967 tari
274 1915 376 1968 autem
391 1913 533 1986 cooperto
547 1907 644 1986 capite
659 1906 838 1979 ministrare,
857 1925 894 1967 ne
908 1905 1057 1988 Episcopo
1070 1909 1136 1988 qui-

168 2017 181 2050 «
203 1993 272 2054 dem
298 1993 534 2074 permittendum
559 1994 659 2055 statuit
680 1995 835 2055 Zacharias
856 1997 936 2076 Papa
957 1995 988 2056 in
1004 1996 1136 2060 Concilio

166 2108 180 2137 u
202 2084 339 2143 Romano
354 2081 426 2143 anni
448 2086 518 2156 rto,
532 2099 560 2144 c.
579 2085 615 2144 I3
633 2101 640 2142 :
663 2083 785 2145 cuilibet
802 2085 872 2146 vero
888 2091 1077 2166 compertum
1091 2097 1135 2152 est

167 2196 182 2229 e
204 2190 265 2232 nen
275 2190 364 2252 posse
375 2172 558 2252 Episcopum
572 2172 705 2234 relaxare
719 2173 816 2252 legem
830 2176 846 2234 a
860 2174 1020 2254 Superiora
1033 2175 1134 2254 latam,

166 2283 180 2316 u
203 2277 303 2340 neque
329 2260 413 2322 alteri
438 2261 521 2320 illam
546 2260 697 2322 licentiam
725 2261 870 2342 impertiri
897 2281 988 2343 qnam
1016 2264 1134 2327 siblmet

165 2371 180 2407 c
202 2349 257 2430 ipsi
273 2349 439 2410 concedere
456 2349 594 2429 nequit...
612 2351 749 2430 Cumque
769 2351 800 2410 in
816 2352 1053 2432 congregatione
1067 2374 1133 2434 par·

166 2460 181 2495 <r
201 2437 319 2499 ticulari
332 2438 370 2498 ab
385 2437 556 2500 Alexandro
571 2441 635 2500 VIII
652 2457 732 2500 anno
748 2443 862 2502 1690...
879 2441 967 2502 fuerit
981 2443 1134 2521 speciatim

166 2549 180 2584 α
201 2525 544 2603 discussusarIIculus..‚
555 2546 594 2588 an
602 2527 707 2608 pileoli
718 2529 839 2590 nomine
850 2530 1122 2609 comprehendetur

165 2636 180 2673 e
201 2616 292 2676 etiam
300 2633 387 2677 coma
396 2615 607 2696 supposititia..
618 2620 808 2698 llesponsum
816 2618 885 2679 luit:
898 2618 1132 2701 Comprehendi..

166 2705 236 2765 oln
255 2705 343 2783 cujus
367 2704 483 2766 Decreti
506 2705 660 2784 sequelam
688 2708 846 2768 Innocent.
868 2710 972 2772 XII...
998 2709 1132 2774 locorum

166 2815 180 2851 a
202 2793 377 2855 Ordinarios
392 2793 509 2854 moneri
525 2795 631 2872 jussit,
654 2813 692 2856 ne
707 2812 892 2876 quemquam
910 2799 1131 2879 permitterent,

165 2905 180 2940 o
201 2882 267 2945 sine
283 2883 463 2964 Apostolicae
481 2883 567 2945 Sedis
586 2885 762 2965 privilegi0,
779 2903 850 2946 eum
865 2884 1035 2950 adulterino
1050 2893 1130 2973 capi·

165 2993 179 3026 e
201 2971 265 3031 litio
286 2977 512 3034 sacrosanctum
532 2991 675 3051 peragere
696 2972 795 3034 missae
817 2974 1004 3037 Sacrificium
1025 2998 1055 3039 n.
1080 2981 1130 3057 (De

130 3071 132 3074 ’
162 3058 252 3140 Syn„
270 3058 322 3120 lib.
341 3063 388 3132 II,
405 3079 472 3142 cap.
489 3066 520 3136 9,
537 3062 589 3140 V.)

200 3146 345 3208 Observat
359 3154 460 3210 autem
477 3148 588 3210 Bened.
605 3151 671 3210 XIV
687 3149 774 3230 (lust.
789 3152 840 3234 at)
854 3170 915 3214 non
930 3155 1129 3240 omnincpro

161 3233 269 3310 hiberi,
282 3235 373 3296 etiam
388 3237 419 3296 in
436 3237 538 3314 missa,
554 3256 645 3301 usum
659 3257 779 3302 coronae
793 3241 924 3323 capillitii
935 3247 995 3324 qua
1010 3253 1130 3310 tonsura

161 3343 222 3386 non
237 3323 362 3386 velatur.
383 3324 439 3385 Hie
453 3326 576 3405 quidem
593 3345 666 3389 usus
685 3327 852 3408 prohibitus
870 3329 967 3394 luerat
984 3335 1001 3394 a
1016 3336 1129 3400 Concil.

160 3414 297 3473 Romano
317 3411 373 3474 sub
396 3412 509 3476 Bened.
535 3417 619 3492 Xlll;
650 3417 704 3478 sed
726 3418 820 3497 ipsius
840 3421 965 3482 Decreta
987 3423 1048 3484 vim
1070 3443 1142 3488 non-

160 3499 272 3561 habent
285 3501 439 3582 obligandi
456 3509 537 3564 extra
555 3506 724 3566 Romanam
738 3507 937 3570 ProvInoiam.

201 3591 270 3650 678.
286 3622 324 3633 -
340 3591 403 3652 Xll.
426 3590 555 3653 Pedibus
569 3593 703 3663 calceati,
720 3601 750 3656 et
763 3604 836 3657 veste
852 3596 944 3659 talari
959 3599 1067 3664 induti.
1089 3605 1130 3668 Ile

161 3676 217 3740 hoe
232 3677 274 3740 sic
293 3677 381 3740 lralret
392 3680 523 3742 RubrIea
543 3699 549 3740 :
571 3682 746 3744 «Sacerdos
761 3685 1001 3752 celebraturus...
1018 3691 1129 3753 accedit
