2590 4208
499 285 584 332 trouu
607 287 741 334 TERTIUS.

421 489 424 496 ·
517 472 668 529 eductor
690 475 720 529 tt.

339 591 372 632 tn
388 591 453 638 onan
469 593 604 634 naarrnsav
620 594 728 634 nonnos
744 593 889 637 rnurvvenr.

167 701 239 762 958.
262 697 337 762 lure
365 701 528 763 communi
555 703 587 762 in
618 700 786 764 ordinibus
808 701 949 765 virorum
982 703 1102 768 aSede

126 785 309 869 apostoliea
323 788 517 870 approbatis,
530 789 603 879 linet
617 798 688 853 vota
703 790 857 853 solemnia
872 809 935 854 non
949 791 1099 866 habeant,

126 875 282 939 admissio
297 885 327 939 et
343 877 469 958 rejectio
481 877 685 954 novitiorum,
700 879 871 953 ordinarie,
880 896 943 940 non
960 879 999 942 ad
1014 879 1103 961 Epis·

129 982 248 1046 copum
263 965 419 1042 locorum,
436 966 490 1028 sed
501 967 540 1030 ad
556 966 837 1048 Congregationem
844 967 1034 1050 religiosam,
1049 987 1103 1048 per

131 1053 314 1135 Capitulum
327 1054 500 1118 autsaltem
510 1074 567 1138 per
579 1055 755 1120 Concilium
765 1057 1023 1130 eonsentientem,
1036 1075 1104 1139 per·

129 1143 244 1205 tinent.
261 1142 359 1206 Aliter
373 1162 423 1206 res
437 1163 471 1206 se
485 1144 605 1207 habent
619 1144 704 1227 apud
721 1143 873 1208 moniales
894 1164 903 1206 a
918 1145 1007 1226 juxta
1019 1145 1101 1208 enim

131 1231 257 1314 praxim
278 1231 490 1295 communiter
504 1233 678 1313 vigentem,
700 1233 828 1296 lieentia
847 1233 1043 1316 postulantes
1063 1234 1102 1297 ad

132 1319 280 1383 habitum
297 1319 483 1384 admittendi
497 1321 601 1386 danda
616 1332 663 1385 est
673 1322 713 1384 ab
723 1321 891 1386 Ordinatio
902 1371 910 1399 ‚
920 1323 946 1386 si
960 1340 1024 1386 non
1040 1324 1103 1386 sint

131 1419 308 1490 exemptae3
324 1409 348 1471 si
364 1409 492 1473 econtra
506 1418 660 1492 exempta
685 1412 759 1486 sint,
784 1430 802 1474 a
823 1411 954 1476 Praelato
968 1413 1101 1492 regulari

131 1497 262 1564 concedi
277 1497 382 1575 debet,
400 1497 548 1582 Capitulo
562 1509 666 1562 tamen
682 1499 715 1562 in
732 1508 868 1582 utroque
882 1519 957 1564 casu
972 1519 1101 1564 consen·

131 1589 238 1654 tiente.

173 1676 369 1755 Regulariter
383 1676 424 1740 ab
437 1675 603 1742 Ordinatio
624 1678 693 1757 cogi
718 1683 883 1758 nequeunt
899 1678 1052 1740 moniales
1066 1677 1103 1740 ad

131 1766 347 1848 recipiendam
363 1767 536 1844 novitiam3
553 1785 612 1830 neo
630 1767 698 1829 sine
710 1766 795 1848 iusta
808 1784 901 1829 eausa
916 1765 1001 1848 rejici
1013 1768 1106 1829 novi·

132 1857 185 1919 tiae
202 1853 329 1916 debent.
764 1936 767 1940 ἡ

173 1944 294 2009 Nomen
318 1940 437 2006 Sancte
454 1943 582 2006 novitiae
600 1951 645 2006 est
667 1943 910 2026 imponendum,
925 1951 956 2004 et
979 1962 1104 2006 nunau-

132 2032 241 2118 panda
266 2038 310 2094 est
333 2030 592 2095 denominatione
617 2033 748 2109 Soror-is,
777 2051 842 2096 non
869 2049 944 2096 varo
967 2034 1102 2097 domna.

131 2121 298 2206 (Manuale.
316 2120 358 2183 n'·
373 2121 573 2203 nott-2646.)

519 2292 665 2345 PUNGTUll
682 2293 720 2346 lli.

408 2428 410 2432 ·
439 2413 475 2462 ,oe
496 2411 637 2452 notrannus
654 2412 795 2454 ounnrronr.

172 2519 243 2580 959.
266 2511 586 2596 Seclusoprivilegio,
603 2529 795 2593 perannum
819 2512 974 2592 integrum
992 2511 1106 2576 durare

131 2604 228 2668 debet
252 2603 435 2666 novitiatus.
463 2600 508 2662 lta
531 2601 640 2663 statuit
661 2599 881 2671 Tridentinum
905 2619 913 2663 ε
940 2601 1037 2664 «Nee
1051 2603 1104 2682 qui

134 2716 151 2752 a
177 2695 298 2755 minore
313 2699 454 2773 tempore
475 2707 574 2773 quam
593 2705 650 2770 per
677 2707 817 2764 annum,
844 2697 914 2771 post
927 2699 1105 2774 susceptum

137 2806 152 2843 o
177 2781 335 2857 habitum,
351 2779 384 2842 in
403 2779 589 2860 probatione
602 2780 739 2852 steterit,
757 2777 796 2839 ad
811 2777 1034 2860 professionem
1048 2781 1106 2842 ad-

137 2893 153 2931 a
178 2871 322 2933 mittatur
341 2891 371 2932 a.
391 2866 484 2950 (Sess.
505 2866 597 2943 XXV,
611 2885 640 2930 e.
657 2871 683 2928 t.
702 2865 908 2950 llelleputur.)
929 2867 1018 2930 Adie
1034 2872 1108 2949 ergo

137 2959 344 3041 susceptionis
364 2958 494 3020 habitus
507 2956 678 3019 novitiatus
693 2956 814 3037 incipit.
836 2957 883 3018 Ex
900 2958 1107 3022 communiori

139 3049 296 3114 sententia
324 3047 546 3110 mathematice
568 3045 689 3125 integer
711 3064 814 3108 annus
832 3064 898 3108 esse
921 3045 1030 3126 debet,
1049 3045 1108 3111 nisi

138 3141 172 3203 in
192 3136 383 3220 quibusdam
398 3134 642 3198 circumstantiis
657 3153 674 3196 a
696 3133 810 3197 Sancta
824 3131 903 3197 Sede
923 3136 1108 3200 concedere·

139 3237 192 3291 tur
208 3225 408 3309 privilegium
428 3222 653 3305 professionem
669 3241 754 3285 anno
768 3239 832 3285 non
848 3221 1005 3304 completo
1018 3224 1110 3288 emit·
1151 3303 1153 3306 Ι
1223 3230 1226 3235 ’

139 3316 240 3390 tandi,
256 3321 293 3378 ut
306 3313 473 3393 contingit,
491 3331 522 3376 v.
539 3330 600 3392 gr„
618 3331 691 3375 casu
707 3329 771 3394 quo
787 3309 976 3374 rovalidatur
992 3313 1109 3396 proles-

138 3407 233 3470 sinin
247 3403 360 3468 ordine
375 3401 516 3464 nondum
532 3400 718 3482 approbato.

180 3495 206 3558 d
220 3493 250 3556 S.
269 3491 376 3566 Pieli,
392 3489 498 3554 Const.
515 3487 632 3554 Summi
655 3488 838 3564 Sacerdotis,
855 3507 1036 3556 concessum
1052 3493 1110 3559 init

140 3597 187 3660 ut,
201 3585 234 3647 in
253 3599 331 3644 casu
346 3580 447 3643 morbi
461 3579 614 3653 mortalis,
632 3579 769 3653 novitiis,
789 3585 852 3641 tam
867 3580 941 3642 viris
955 3601 1050 3664 quam
1065 3583 1110 3647 la·

141 3673 254 3750 minis,
273 3670 392 3746 linerat,
415 3685 501 3734 anno
515 3666 686 3731 novitiatus
699 3684 764 3730 non
779 3668 924 3749 expleto,
940 3671 1107 3752 professio-

142 3781 214 3826 nem
230 3760 392 3837 omittere,
412 3756 588 3821 dummodo
602 3764 723 3819 etatem
750 3759 933 3839 requisitam
953 3756 1105 3825 habereiit
1216 3765 1218 3772 ’
