2590 4208
518 262 604 307 steen
626 263 759 310 neurius.
1083 253 1122 318 35

149 372 182 428 l⁰
201 374 236 430 ut
251 369 402 449 profitens
416 373 455 434 sit
470 373 587 436 habilis
595 374 642 437 'ad
662 375 901 453 ingrediendam
918 378 1112 458 religionem.

148 456 291 519 Diximus
304 477 400 540 supra
415 463 545 542 quinam
566 463 629 525 sint
652 463 775 524 habiles
793 465 873 545 (952,
889 467 975 550 etc).

186 551 221 608 2⁰
242 545 280 608 Ut
299 547 458 612 decimum
482 559 605 614 sextum
630 571 750 614 annum
774 555 996 634 compleverit,
1019 559 1116 621 etiam

148 635 380 712 mathematice,
396 639 437 700 ita
453 648 497 715 ut,
515 642 608 702 unica
621 641 698 703 hore
713 638 888 718 deficiente,
905 643 1055 722 professio
1068 666 1115 708 ve-

148 727 197 789 lut
216 725 306 787 nulla
321 725 469 790 habenda
483 738 572 791 esset.
591 729 637 790 lta
657 728 687 791 S.
705 727 854 810 Congreg.
870 739 901 792 et
916 750 1025 794 omnes
1042 735 1119 797 Dee·

150 826 234 878 tores
245 814 464 878 Tridentinum
479 817 738 900 interpretantur.

190 903 258 966 lmo
275 907 312 966 19
326 904 426 966 Martii
443 907 532 980 1857,
546 906 663 986 prodiit
677 907 839 968 decretum
852 905 883 968 S.
901 906 1068 990 Congreg,
1085 914 1118 974 vi

151 993 242 1074 eujus
253 991 405 1076 professio
417 993 566 1056 solemnis
586 995 687 1057 avinis
703 997 812 1076 nequit
824 995 935 1071 emitti,
956 999 1015 1060 nisi
1030 1002 1121 1080 prius

152 1083 193 1146 ab
207 1083 283 1163 ipsis
296 1083 408 1144 emissa
423 1081 541 1146 fuerint
555 1091 628 1146 vota
641 1083 796 1164 simplicia
811 1083 937 1165 expleto
950 1088 1101 1150 novitiatu
1107 1111 1116 1166 ;

152 1191 224 1255 quae
238 1171 367 1253 quidem
388 1177 459 1234 vota
473 1171 627 1252 simplicia
643 1179 794 1254 perpetuu
816 1183 889 1234 sunt
903 1192 940 1235 ex
960 1183 1047 1255 parte
1062 1195 1117 1239 vo·

151 1261 269 1336 ventis,
289 1261 343 1342 qui
366 1261 448 1322 circa
470 1279 507 1322 ea
529 1260 616 1322 haud
632 1270 734 1340 potest
751 1260 925 1342 dispensari
945 1265 1004 1325 nisi
1023 1265 1118 1326 allo-

152 1367 248 1414 mano
263 1350 422 1423 Pontifice,
444 1351 532 1425 juxta
554 1348 798 1412 declarationem
813 1353 968 1414 secretarii
984 1351 1014 1415 S.
1039 1353 1119 1416 Con·

152 1458 238 1521 greg.
265 1443 300 1500 17
315 1438 389 1499 Julii
406 1437 505 1500 1858:
526 1436 588 1500 Nec
607 1447 708 1512 potest
722 1445 797 1501 tunc
817 1441 856 1500 ad
872 1458 976 1504 sacros
995 1440 1125 1504 ordines

154 1528 332 1611 promoveri
350 1545 386 1589 ex
409 1527 503 1590 titulo
525 1527 739 1608 paupertatis3
764 1526 818 1588 sed
833 1527 982 1590 solubilia
997 1539 1069 1592 sunt
1083 1549 1121 1591 es

153 1626 244 1702 parte
266 1615 412 1692 Ordinis,
436 1617 479 1678 ita
499 1625 550 1692 ut,
574 1625 699 1697 peracta
717 1615 924 1690 dimissione,
940 1617 1122 1697 hujusmodi

153 1707 286 1792 professi
302 1724 319 1767 a
334 1706 399 1766 'suis
421 1705 500 1767 rotis
513 1704 603 1766 liberi
618 1704 696 1777 sint,
712 1711 742 1764 et
763 1721 835 1766 cum
850 1704 925 1785 ipsis
939 1703 1124 1768 Ordinarius

151 1796 253 1879 possit
265 1811 298 1859 se
311 1811 438 1874 gerere,
454 1790 534 1855 sieut
548 1811 621 1855 cum
634 1791 752 1855 eaeteris
767 1792 832 1854 suis
848 1792 1042 1856 dioeeesanis.
1059 1795 1125 1856 Hoc

155 1896 261 1949 autem
271 1883 432 1946 decretum
448 1882 603 1945 moniales
618 1900 681 1944 non
698 1889 827 1962 spectat.

194 1979 228 2037 3⁰
251 1974 374 2052 Integer
388 1990 493 2036 annus
506 1971 677 2034 novitiatus
696 1969 788 2033 debet
803 1971 1028 2052 professionem
1043 1992 1125 2055 prae·

157 2065 278 2129 cedere.

165 2189 168 2196 ·
196 2160 229 2216 4⁰
253 2151 362 2214 Emitti
384 2168 448 2213 non
464 2149 557 2212 debet
579 2149 732 2231 professio
747 2167 785 2212 ex
804 2149 935 2228 fraude,
961 2151 1009 2214 vel
1028 2153 1056 2215 vi
1073 2161 1129 2214 aut

158 2253 257 2316 metu,
274 2250 339 2304 tem
363 2258 401 2301 ex
417 2247 505 2320 parte
521 2238 708 2319 profitentis,
724 2257 822 2320 quam
836 2258 874 2304 eu
897 2251 984 2320 parte
998 2260 1128 2305 monas-

158 2333 229 2396 terii
245 2329 445 2412 acceptantis.
460 2327 562 2390 Metus
577 2337 682 2390 tamen
693 2327 918 2410 professionem
934 2347 996 2394 nou
1013 2331 1127 2405 irritat,

159 2423 221 2486 nisi
242 2421 282 2482 sit
303 2419 419 2501 injuste
434 2417 521 2480 illata
536 2417 569 2478 in
591 2417 703 2480 ordine
725 2417 764 2480 ad
778 2417 984 2481 obtinendem
1005 2418 1130 2500 profes·

161 2528 294 2575 sionem.

558 2683 704 2738 Punctum
721 2685 740 2736 l.

395 2818 426 2858 ll!
442 2817 601 2858 euoeussrom:
617 2816 737 2856 §neeesse
754 2815 785 2854 ET
805 2816 901 2856 ruunt.

202 2938 272 3004 970.
296 2935 389 2998 Juxta
404 2953 495 2998 usum
511 2949 732 3006 cornmunem,
761 2929 913 3012 professio
928 2949 1074 3012 expressa
1098 2935 1134 2997 fit

165 3032 198 3092 in
217 3027 365 3109 seriptis:
388 3024 452 3084 lieri
469 3029 572 3083 tamen
590 3028 691 3101 potest
710 3019 813 3083 verbis
833 3028 957 3082 tantum
978 3030 1032 3084 aut
1047 3027 1135 3086 nuti-

165 3121 237 3192 bus,
254 3121 288 3178 ut
307 3111 423 3196 passim
438 3111 590 3190 colligunt
605 3109 666 3171 llll.
683 3128 720 3172 ex
736 3128 806 3191 cap.
823 3111 1008 3184 Porrectum,
1020 3111 1063 3174 De
1077 3121 1136 3177 tre.

166 3209 394 3357 quppdemm
414 3287 583 3352 Clementis
597 3286 682 3360 Vlll,
704 3285 743 3350 20
756 3286 841 3348 lunii
857 3288 935 3351 roeo
952 3295 981 3350 et
995 3289 1034 3352 25
1051 3290 1125 3353 Juni

169 3388 258 3458 ttae,
275 3377 445 3444 emittenda
465 3375 558 3437 estin
576 3375 752 3438 domibusa
767 3374 845 3438 Sede
865 3377 1044 3456 Apostolica
1056 3378 1137 3442 desi·

170 3475 273 3557 gnatis
289 3469 337 3553 (V.
354 3466 656 3538 DesCommunoute's,
669 3475 741 3536 etc,
759 3482 790 3543 p.
808 3465 866 3527 354
877 3465 995 3549 etate).
1009 3467 1076 3530 Ncn
1093 3476 1138 3531 ta-

170 3582 243 3627 men
264 3557 398 3623 omniuo
420 3560 543 3617 constat
562 3553 623 3614 hoc
637 3551 698 3614 sub
720 3569 813 3631 poena
829 3553 982 3617 nullitatis
1003 3557 1121 3636 requiri

171 3652 283 3717 necin
308 3661 423 3727 genere
443 3641 574 3704 nullitas
597 3639 801 3722 professionis
822 3642 973 3722 praetendi
988 3643 1080 3704 debet
1097 3645 1139 3707 ob

172 3733 459 3808 inobservaticnem
473 3729 736 3796 constitutionum
750 3727 887 3804 Ordinis,
897 3731 1139 3811 quaudoearum
