2552 4204
181 303 233 360 lte
448 313 601 358 stannum
620 311 703 356 rums
724 311 874 356 sanemur.

217 412 246 473 Si
271 411 384 473 teratur
407 409 444 472 ad
467 408 713 490 beneplacitum,
738 413 834 470 cessat
855 423 910 488 per
933 415 1088 482 mortem,
1112 405 1156 468 rel

175 500 361 564 amotionem
376 497 518 573 serentis3
543 515 631 560 secus
653 503 756 558 tamen
779 495 804 556 si
820 493 995 556 lateinisset
1019 496 1057 554 orl
1081 493 1157 555 bene

100 649 105 656 .
177 589 322 672 placitam
340 585 441 662 Sedis,
452 587 525 667 quia
538 591 613 649 tunc
626 585 742 666 indiget
758 583 984 665 dispensatione
1002 601 1158 644 successo

179 679 238 753 ris;
253 677 324 738 item
339 677 497 756 suspensio
515 675 546 736 in
568 682 748 756 perpetuum
766 691 883 735 cessare
909 679 1007 753 polest
1031 689 1087 750 per
1100 671 1160 733 dis·

180 761 399 846 pensationem'.
417 766 481 825 Hoc
493 769 538 825 est
550 768 652 826 eutem
666 761 829 824 discrimen
844 761 924 822 inter
937 761 1160 822 slrsrrlutionem

180 859 209 915 et
222 851 584 932 dispensationem,un
598 851 747 914 absolutio
761 849 875 912 directe
883 849 970 912 cadat
985 851 1016 910 in
1033 867 1124 911 rotun
1134 855 1162 910 et

181 941 219 1002 ab
234 960 269 1002 eu
284 942 367 1002 tollat
390 941 545 1004 vinculum
563 957 627 1020 quo
641 940 771 1022 ligatur;
785 938 969 1020 dispensatio
989 939 1064 1000 rere
1078 939 1163 1000 eadat

181 1030 294 1092 directe
308 1030 340 1092 in
354 1030 454 1112 legem
467 1028 514 1092 rel
527 1027 705 1092 mandatum
719 1034 749 1090 et
764 1028 921 1108 extinguat
934 1027 1030 1108 ipsius
1045 1026 1163 1110 obliga·

182 1121 308 1182 tionem.
356 1170 358 1174 ,

223 1211 292 1270 856.
318 1210 407 1269 Extra
427 1207 576 1289 quosdam
590 1225 695 1284 casus,
710 1206 742 1269 in
762 1207 874 1288 quibus
894 1205 1075 1287 hujusmodi
1099 1226 1163 1270 sus

185 1296 346 1376 pensiones
367 1295 437 1358 terri
452 1302 578 1376 possunt
599 1315 637 1360 ex
651 1295 811 1358 intormelt
823 1295 1027 1364 conscientia,
1044 1298 1164 1378 regula·

185 1384 257 1444 riter
281 1402 343 1444 non
374 1390 447 1446 sunt
474 1384 667 1466 infligendae,
698 1384 757 1446 nisi
783 1390 899 1445 serrato
921 1393 1068 1445 consueto
1090 1385 1166 1466 Juris

185 1472 309 1548 ordine3
325 1473 407 1534 unde
422 1473 447 1534 si
464 1475 609 1536 Praelatns
626 1475 692 1536 solo
713 1472 805 1534 verbo
821 1472 901 1534 dicet
914 1474 1062 1534 sacerdoti
1078 1491 1086 1534 ε
1100 1473 1167 1537 Sus

183 1560 332 1644 praelate
358 1563 376 1623 a
407 1562 632 1641 celebratione,
662 1580 725 1626 non
748 1569 792 1624 est
815 1579 964 1637 censure,
991 1579 1049 1624 nec
1074 1563 1165 1625 etiarn

188 1650 310 1730 precise
329 1669 419 1732 prena
441 1653 563 1734 proprie
584 1651 679 1722 dieta,
701 1650 772 1733 quia
795 1649 843 1712 hae
866 1669 928 1713 non
946 1649 1087 1714 teruntur
1111 1653 1166 1714 nisi

187 1739 309 1820 scripto.
333 1741 477 1803 Praelatus
497 1741 568 1804 vero
591 1759 653 1803 non
674 1739 763 1801 debet
778 1740 921 1820 praesumi
939 1741 1016 1801 velle
1040 1761 1165 1822 peccare

188 1827 246 1888 nisi
270 1828 351 1891 uliud
373 1835 491 1892 constet
512 1830 550 1891 de
572 1829 666 1911 ipsius
688 1828 873 1904 intentione,
897 1837 949 1890 aut
968 1831 1026 1890 nisi
1051 1831 1165 1912 Religio

188 1915 312 1978 luberet
334 1916 525 1999 privilegium
547 1918 663 1999 absque
686 1917 798 1998 scripto
819 1915 934 1979 ferendi
956 1936 1112 1982 censuras.
1128 1953 1164 1967 -

191 2007 237 2064 lln
253 2005 423 2067 incurratur
441 2012 543 2070 eutem
561 2005 762 2086 irregularitas
776 2024 813 2066 ex
833 2009 1034 2087 suspensione
1047 2027 1117 2089 quae
1130 2010 1167 2072 sit

189 2111 279 2172 poena
287 2093 412 2174 'proprie
422 2093 514 2174 dicta,
529 2093 597 2156 licet
608 2112 671 2156 non
683 2093 884 2172 medicinalis,
895 2094 962 2157 ride
973 2096 1004 2157 in
1015 2097 1166 2177 Maenali,
1268 2121 1269 2130 2

192 2190 227 2242 n⁰
243 2177 331 2244 etue.

231 2271 402 2350 Suspensus
423 2270 462 2332 ab
486 2269 593 2334 ordine
608 2271 820 2347 denuntiatus,
835 2271 976 2336 vitandus
999 2284 1047 2338 est
1068 2277 1100 2338 in
1120 2279 1168 2341 di-

191 2357 278 2434 uinis,
293 2376 355 2419 non
378 2360 449 2420 vero
466 2360 567 2441 quoad
582 2360 839 2440 jurisdictionem,
861 2362 907 2422 rel
929 2364 1031 2442 quoad
1054 2365 1168 2430 nenen-

191 2447 294 2509 cium:
312 2465 368 2510 nec
381 2448 472 2510 etiarn
494 2449 525 2509 in
546 2449 654 2512 divinis
673 2449 758 2510 uitari
780 2448 887 2524 dehet,
907 2450 965 2512 nisi
984 2460 1167 2533 quatenusl

191 2537 391 2616 suspensione
413 2537 441 2598 ei
462 2537 542 2600 illatrt
560 2538 735 2619 prohibetur
752 2555 759 2597 :
776 2536 858 2600 unde
878 2542 1016 2621 suspensi
1040 2553 1168 2624 possunt

192 2624 300 2686 ciliciis
313 2624 423 2688 (lirinis
436 2627 574 2690 assistere
587 2634 616 2689 ct
631 2626 765 2705 recipere
779 2638 967 2689 sacramente
983 2641 1093 2710 praeter
1111 2637 1167 2698 Or·

192 2713 311 2790 dinern;
326 2713 443 2776 tolerati
465 2724 567 2778 aulem
585 2715 702 2778 divinas
719 2713 892 2778 lunortones
909 2729 1085 2785 exercentes
1105 2745 1167 2792 non

192 2808 319 2882 peccant
332 2803 357 2863 si
371 2804 409 2864 eb
423 2804 489 2866 aliis
502 2805 713 2888 requirentur3
728 2821 816 2866 secus
827 2804 871 2882 si,
885 2825 948 2868 non
963 2811 1118 2893 requisiti,
1133 2817 1168 2880 iis

193 2908 225 2952 se
239 2889 439 2956 immisceant.

233 2982 290 3053 Qui
314 3000 375 3042 non
398 2982 491 3043 vitent
516 3001 698 3062 suspensum
720 2984 931 3048 denuntiatum
956 3006 1018 3049 non
1041 3003 1167 3070 peccant

193 3071 370 3146 mortaliter,
384 3069 438 3130 nisi
452 3078 634 3132 censeantur
644 3075 798 3154 cooperari
808 3074 887 3136 actui
898 3077 914 3135 ir
925 3093 988 3156 quo
1001 3095 1168 3159 suspensus

193 3164 249 3234 est,
264 3161 370 3238 quales
384 3171 453 3218 sunt
468 3158 521 3238 qui
535 3158 718 3232 inserviunt;
737 3161 818 3224 unde
834 3162 941 3224 audire
960 3165 1085 3229 missurn
1101 3190 1167 3234 sus·

193 3247 279 3325 pensi
294 3245 460 3308 ‹lenuntialt
478 3255 596 3309 nonest
612 3255 769 3329 peccatum
786 3253 910 3313 mortale
925 3253 981 3313 nisi
997 3255 1163 3323 inservias:

193 3331 700 3399 hoccnmrnuniirselreritrsrocat
711 3341 744 3400 S.
756 3339 978 3419 Lignoriuslilr.
996 3347 1026 3414 7,
1045 3355 1079 3404 n·
1094 3351 1163 3413 313,

234 3421 366 3484 Clericus
381 3431 480 3486 lernen
495 3443 660 3507 suspensus
681 3437 785 3508 peccel
798 3430 926 3509 graviter
940 3433 1064 3511 quando
1077 3455 1165 3500 exer·

194 3515 241 3573 oet
263 3518 364 3573 actum
388 3514 444 3594 ipsi
467 3532 522 3596 per
541 3515 773 3596 suspensionem
790 3517 927 3594 vetitum,
942 3520 998 3582 nisi
1013 3537 1165 3591 exerceret

194 3601 332 3662 orrlinem
348 3620 410 3664 non
424 3621 557 3680 sacrum,
570 3607 617 3668 vel
631 3605 656 3666 si
671 3624 792 3669 sacrum
807 3619 958 3671 exerceret
976 3629 1037 3672 non
1052 3616 1163 3678 solem·

194 3689 283 3766 niter,
302 3690 350 3752 rel
369 3693 395 3755 si
417 3691 449 3754 in
470 3695 562 3774 perri
583 3697 719 3771 materia,
731 3715 760 3758 v.
785 3715 830 3780 3.,
849 3697 874 3758 si
894 3709 1048 3763 exerceret
1068 3703 1163 3770 leuem

193 3784 296 3842 cetum
305 3779 522 3861 jurisdictionis
533 3830 542 3860 ,
555 3783 580 3845 si
600 3782 791 3848 benediceret
805 3803 960 3864 mensam,
975 3799 1033 3854 etc.
1052 3811 1061 3854 ε
1077 3811 1165 3861 secus
