2590 4208
488 309 573 355 tinen
594 309 728 355 rannus.
1051 297 1089 360 75

115 416 337 492 suetudinem3
353 414 448 496 quia,
478 414 667 494 regulariter
681 416 858 497 loquendo,
881 427 957 482 tunc
973 418 1077 500 proles

120 526 175 569 sus
189 511 335 568 censetur
354 503 491 567 voluisse
505 521 537 565 se
552 503 691 584 obligare
707 503 746 566 ad
765 505 962 569 observanda
978 514 1091 568 statuta

120 593 282 672 generalia
300 591 432 673 Capituli
452 591 607 671 generalis
621 591 737 672 quibus
752 593 825 654 linis
840 611 857 654 a
874 594 1023 674 religione
1043 595 1087 655 in·

115 691 225 746 tentus
240 680 354 744 melius
375 681 538 761 procurari
553 681 679 762 poterit.
696 679 906 760 Excipiendus
925 690 970 743 est
985 690 1089 743 tamen

115 789 210 834 casus
223 787 288 851 quo
303 787 359 851 per
372 767 634 832 consuetudinem
648 768 816 832 immutata
831 770 963 832 omnino
984 769 1087 832 luisse⁴¹

117 859 175 923 reli
201 858 242 921 io.

162 877 198 1010 S?
208 953 314 1010 autem
329 944 509 1008 reformatio
521 943 578 1006 fiat
591 944 751 1026 pontificia
766 945 973 1021 auctoritate,
996 946 1089 1008 etiam

119 1036 153 1096 in
167 1053 244 1097 casu
263 1051 327 1114 quo
347 1033 501 1112 mitigatio
522 1051 577 1114 per
595 1033 861 1115 dispensationem
886 1035 1090 1114 apostolicam

119 1123 251 1186 inducta
270 1122 393 1196 fuisset,
417 1121 552 1201 religiosi
577 1119 616 1183 ad
639 1120 895 1184 reformationem
916 1122 1090 1186 observan-

117 1211 192 1274 dam
213 1209 474 1289 adstringuntur:
491 1211 567 1291 quia
581 1210 666 1273 banc
684 1217 870 1290 potestatem
894 1209 990 1273 habet
1008 1211 1089 1272 Pon·

117 1298 192 1362 tiiex
207 1300 238 1361 vi
253 1317 317 1360 suaa
334 1317 488 1378 supremae
499 1297 741 1380 jurisdictionis.

157 1389 240 1451 Ante
254 1394 358 1448 autem
371 1386 627 1450 reformationem
642 1387 784 1468 superior
796 1386 937 1466 obligare
947 1387 1090 1452 subditos

117 1478 229 1558 nequit
242 1475 282 1538 ad
304 1476 490 1538 servandam
508 1476 701 1558 primitivam
716 1477 856 1556 regulam
875 1495 931 1558 per
945 1477 1088 1539 desuetu-

116 1565 226 1628 dinem
249 1564 385 1644 legitime
409 1565 609 1644 abrogatam,
626 1565 685 1626 nisi
700 1565 731 1627 in
755 1583 882 1645 poenam
898 1565 1003 1626 delicti
1029 1566 1090 1628 hoc
1150 1621 1154 1626 .

116 1655 313 1736 praeciperet,
337 1663 392 1715 aut
410 1654 470 1715 nisi
491 1653 650 1715 reductive
672 1651 731 1715 sub
752 1652 860 1732 regula
876 1653 1011 1732 qualiter
1032 1652 1090 1715 luit

118 1742 259 1826 professa
292 1759 341 1804 res
375 1742 530 1824 imperata
556 1740 662 1804 reduci
698 1749 802 1823 posset
839 1739 888 1821 (V.
923 1739 1087 1820 Manuale,

118 1833 157 1894 ui*
179 1830 378 1912 anan-3036.)

157 1924 246 1983 1022.
271 1921 397 1990 Quaerit.
413 1923 447 1980 7⁰
461 1919 611 1994 Quaenam
624 1918 663 1980 sit
674 1919 953 2000 superiorissarum
966 1917 1089 1980 monia-

117 2008 197 2072 lium
213 2015 349 2089 potestas
363 2007 379 2068 1

156 2101 249 2180 Resp.
273 2097 305 2160 l⁰
319 2097 384 2159 Etsi
396 2099 465 2174 iure
480 2095 587 2160 divino
604 2096 769 2179 incapaces
795 2116 857 2160 non
881 2098 1012 2160 omnino
1026 2097 1089 2159 sint

116 2185 273 2250 moniales
283 2185 511 2267 jurisdictionis
525 2184 758 2261 ecelesiastica,
779 2187 850 2267 jure
864 2193 969 2249 tamen
993 2204 1086 2249 cano·

116 2277 191 2338 nico
213 2274 408 2356 prohibitum
435 2282 481 2337 est
507 2275 583 2355 ipsis
605 2274 688 2337 hano
712 2284 898 2356 potestatem
919 2275 1083 2355 conferre;

117 2365 203 2427 unde
218 2364 310 2426 istam
334 2363 451 2426 nabere
470 2370 631 2444 nequeunt
653 2364 711 2426 nisi
735 2384 791 2447 per
812 2363 1084 2428 Pontificiamdis‘-

116 2452 346 2534 pausationem.
362 2451 407 2514 lta
421 2453 632 2516 communiter
646 2471 717 2515 cnm
731 2457 762 2515 S.
778 2454 911 2516 Thoma.

157 2539 307 2615 2⁰Quoad
318 2549 502 2622 potestatem
513 2541 752 2618 dominativum,
764 2541 960 2622 probabilius
975 2541 1085 2603 saltem

117 2640 164 2695 est
180 2628 220 2693 ad
234 2629 305 2692 illas
322 2631 405 2692 hanc
419 2631 585 2712 pertinere.
601 2630 639 2694 Vi
658 2637 764 2692 autem
783 2629 915 2710 hujusce
931 2630 1089 2711 potestatis

117 2739 183 2784 non
199 2727 322 2782 tantum
346 2732 479 2802 possunt
498 2718 640 2782 subditas
658 2720 691 2780 in
713 2720 903 2782 conscientia
929 2719 1088 2798 obligare,

117 2809 172 2874 sed
186 2809 280 2871 etiam
293 2820 413 2891 queunt
428 2809 612 2873 earumdem
630 2817 702 2871 vota
717 2809 848 2870 irritare.
863 2807 922 2871 Sed
938 2809 1089 2888 quoniam

117 2918 182 2962 non
197 2898 315 2959 habent
329 2907 513 2980 potestatem
530 2897 677 2973 clavium,
693 2897 875 2978 dispensare
892 2915 954 2960 non
971 2897 1088 2967 valent,

119 3006 184 3052 non
200 2987 304 3050 solnm
315 2988 395 3050 circa
406 2987 489 3067 leges
503 2986 659 3061 Ecclesia,
674 2987 725 3048 sed
739 3004 797 3048 nec
811 2987 905 3046 etiam
917 2985 1092 3064 circaregu·

118 3079 201 3140 lares
215 3075 440 3139 observantias.
457 3076 590 3138 Possunt
605 3082 709 3138 tamen
724 3074 925 3137 declararem
939 3074 1032 3136 certis
1047 3092 1093 3135 ca-

119 3166 207 3229 sibus
220 3165 446 3245 obligationem
461 3181 524 3226 non
541 3164 649 3227 adesse
663 3184 672 3241 ;
694 3165 758 3225 imo
772 3163 804 3228 S.
822 3164 947 3243 Lignor.
964 3161 1038 3225 dicit
1054 3160 1091 3223 il·

119 3254 167 3318 las
182 3273 271 3336 posse
283 3273 320 3318 ex
334 3254 556 3318 commissione
570 3253 761 3335 dispensare.
778 3252 860 3334 (Lib.
879 3257 910 3327 l,
924 3262 960 3311 n⁰
973 3249 1038 3332 53.)

163 3343 330 3423 Nequeunt
358 3345 475 3425 pariter
508 3342 681 3404 abbatissae
709 3341 835 3422 publice
856 3347 887 3402 et
915 3339 1091 3403 solemniter

120 3432 319 3508 benedicere,
335 3433 411 3514 quia
423 3439 559 3514 potestas
572 3431 709 3494 clavium
725 3429 764 3492 ad
777 3430 838 3491 hoo
850 3429 1030 3510 requiritur.

162 3523 271 3597 Quoad
291 3531 476 3604 potestatem
490 3520 681 3583 concedendi
697 3518 761 3582 suis
782 3518 916 3580 subditis
936 3518 1092 3582 licentiam

121 3609 392 3686 communicandi,
405 3610 476 3673 ride
490 3627 597 3692 supra,
613 3608 710 3691 (999).

161 3700 244 3764 Nota
260 3700 358 3781 quod,
371 3699 461 3781 juxta
477 3699 637 3763 decretum
652 3697 818 3761 Clementis
832 3697 900 3761 11111
917 3717 924 3760 :
946 3700 1043 3760 «Non
1058 3698 1093 3760 li·

122 3812 138 3854 u
163 3796 231 3854 ceat
257 3789 471 3871 superioribus
498 3788 691 3870 regularium
712 3785 925 3852 confessiones
950 3785 1095 3933 subplipo·
