2590 4208
1079 252 1118 308 dl

539 293 624 341 moen
644 293 777 341 ruamus.

163 393 264 458 'otiam
279 397 412 479 depositi
427 400 531 478 titulo,
548 409 620 464 ante
635 402 861 483 professionem
877 405 1066 484 consignari,
1081 409 1140 474 sed

161 499 203 548 ex
216 487 452 570 praescriptione
468 490 556 554 Pauli
571 490 662 571 Papm
674 489 720 566 v,
742 489 936 572 deponenda
951 504 1023 558 sunt
1047 501 1133 578 apud

163 589 313 654 personas
328 577 468 658 probata
488 579 691 659 integritatis,
714 587 768 641 aut
791 577 1021 646 Cancellarium
1043 586 1131 666 Epis·

160 662 318 744 oopalem,
339 683 412 729 eum
433 683 529 730 onere
549 667 717 732 conventui
743 667 903 743 tradendi,
928 675 1041 735 emissa
1059 695 1132 754 pro·

162 749 305 814 fassione.
323 752 395 818 Haec
416 763 520 819 tamen
534 757 643 820 stricte
655 757 798 836 obligare
817 774 881 820 non
902 758 1050 824 videntur
1064 763 1132 829 lus-

161 839 255 904 tituta
268 849 416 906 votorum
430 845 636 927 simplicium.

202 928 263 992 llos
279 928 372 1013 (sicut
392 932 452 995 alia
472 933 556 997 bona
581 935 876 1018 monasteriorum),
900 936 1019 1019 absque
1042 937 1131 1006 Sedis

161 1018 350 1098 apostolice
359 1021 567 1103 beneplacito,
579 1022 709 1086 alienari
722 1024 833 1104 nequit
843 1046 852 1100 ;
863 1025 918 1088 sed
927 1028 968 1088 ita
981 1028 1129 1093 collocari

160 1107 255 1171 debet
269 1116 304 1170 ut
318 1109 466 1190 frugifera
481 1111 651 1183 efficiatum
668 1119 699 1173 et
713 1112 744 1174 id
758 1115 867 1186 eliam,
883 1121 915 1176 et
936 1118 1071 1180 maxime
1085 1131 1131 1182 est

160 1195 394 1260 observandum
409 1217 427 1261 a
443 1199 745 1279 congregationibus
758 1210 903 1264 votorum
919 1203 1109 1284 simplicium
1118 1227 1129 1283 3

160 1286 281 1366 quippe
296 1286 337 1348 ab
358 1287 475 1351 eisdem
491 1287 548 1351 dos
562 1297 609 1350 est
629 1289 821 1352 restituenda
841 1290 988 1372 professis
1002 1294 1130 1375 quando

160 1375 387 1451 ‹timittuntur3
403 1377 489 1458 quod
510 1395 573 1440 nou
588 1395 661 1442 raro
674 1377 838 1458 contingit.
854 1381 903 1458 (V.
921 1381 978 1444 Dee
993 1382 1131 1447 Commu·

162 1466 279 1538 naeres,
295 1472 367 1539 ete,
381 1475 418 1526 n⁰
430 1463 514 1546 338.)

204 1552 239 1614 ln
262 1551 360 1615 Gellia
375 1552 471 1616 hodie
484 1562 515 1618 et
529 1554 636 1635 Belgio
650 1573 714 1619 non
730 1574 788 1637 pro
806 1555 890 1636 dote,
904 1576 978 1621 cum
993 1560 1042 1622 lex
1057 1561 1132 1626 civi·

164 1640 204 1703 lis
225 1641 330 1704 dotem
352 1642 529 1722 religiosam
553 1662 617 1707 uon
637 1652 801 1724 agnoscat,
823 1644 875 1709 sed
898 1665 957 1728 pro
971 1659 1129 1713 sustenta·

164 1733 250 1794 tione
264 1738 311 1794 est
324 1730 541 1811 stipulandum
560 1753 566 1793 :
584 1733 630 1794 sic
647 1733 731 1795 enim
749 1729 830 1794 facta
850 1732 1010 1814 stipulatio
1026 1753 1043 1796 a
1058 1753 1131 1798 con·

163 1819 344 1901 sanguineis
359 1820 458 1900 repeti
468 1822 579 1903 nequit
591 1831 742 1901 tanquam
756 1819 884 1884 donatio
903 1822 992 1885 nulla
1006 1823 1130 1888 defectu

164 1910 400 1993 solemnitatum
416 1909 517 1990 alege
535 1910 800 1991 prascriptarum,
817 1917 872 1972 aut
885 1928 956 1990 qum
969 1913 1132 1978 excederet

163 1999 342 2080 portionem
355 1998 512 2062 boninum
527 2017 624 2078 quam
637 2001 684 2062 lex
699 1999 869 2062 conventui
880 1997 956 2063 dare
966 2003 1128 2082 permittit.

164 2087 212 2168 (V.
227 2087 395 2150 articulum
409 2086 516 2168 dlegis
526 2088 566 2150 ut
577 2088 651 2150 maii
663 2086 766 2170 tara.)

201 2177 248 2239 Au
264 2187 295 2238 et
308 2175 513 2258 quandonam
536 2176 594 2240 dos
616 2177 656 2238 sit
676 2176 868 2240 restituenda
889 2177 1036 2260 pmfessae
1053 2199 1133 2244 con·

163 2266 377 2347 gregationem
392 2265 582 2348 relinquenti
594 2264 611 2328 ‘l
622 2266 698 2328 Jure
711 2266 795 2330 civili
806 2265 925 2330 Gallico
935 2270 1056 2332 restitui
1072 2271 1132 2352 ipsi

161 2357 272 2430 debet,
295 2355 321 2418 si
344 2371 363 2420 a
385 2355 613 2419 communitate
634 2354 833 2433 dimittatur3
854 2374 955 2432 secus,
972 2359 998 2418 si
1019 2370 1131 2440 sponte

161 2453 355 2510 conventum
376 2443 509 2507 deserat.
534 2445 686 2526 (Ravelet‚
709 2443 761 2507 Des
784 2444 1007 2508 Commorantes
1027 2449 1130 2528 reliq„

163 2556 194 2619 p.
221 2535 291 2617 tat)
309 2533 401 2615 :jure
416 2551 492 2597 vero
510 2534 663 2599 eanonioo
681 2551 745 2596 non
760 2541 841 2596 esset
854 2534 1046 2596 restituenda
1064 2544 1133 2613 post
1165 2566 1170 2574 ·

163 2626 338 2688 solemnem
355 2621 579 2704 professionem
593 2645 602 2700 ;
618 2641 708 2686 secus
720 2625 745 2684 si
762 2621 912 2704 professio
934 2622 1040 2686 fuisset
1054 2627 1132 2686 sint·

164 2714 296 2798 plioium
313 2719 481 2789 sotorum;
504 2711 643 2775 maxime
656 2712 683 2774 si
701 2729 766 2774 non
782 2722 895 2792 sponte
913 2713 1061 2775 monialis
1081 2713 1133 2775 di·

165 2805 354 2868 mitteretur.
377 2801 438 2866 Sed
452 2801 570 2865 decisio
585 2800 722 2884 pendere
739 2810 838 2883 potest
852 2819 871 2864 a
885 2803 978 2863 variis
998 2804 1132 2865 circum·

166 2891 288 2956 stautiis
303 2890 344 2953 de
356 2890 474 2972 quibus
485 2889 524 2954 V.
537 2897 680 2954 nostrum
690 2889 840 2960 Manuale,
858 2887 988 2952 n¹³2739
1003 2899 1033 2951 et
1042 2891 1132 2970 arto,

166 2992 197 3046 et
211 2980 358 3062 opusDes
372 2978 596 3043 Commorantes
609 2979 629 3044 d
642 2997 730 3044 verua
742 2979 876 3062 simplet,
889 2977 929 3039 nl·
947 2975 1003 3042 aot
1020 2988 1050 3040 et
1063 2984 1133 3045 298.

206 3073 277 3135 978.
300 3075 334 3131 4⁰
356 3069 507 3133 Moniales
525 3069 680 3132 clausurae
695 3068 801 3150 papali
822 3067 996 3146 adscriptae,
1014 3069 1137 3148 puellas

167 3178 263 3224 causa
270 3157 466 3222 educationis
475 3157 639 3221 admittere
654 3167 826 3240 nequeunt,
841 3157 901 3218 nisi
916 3157 1074 3218 licentiam
1085 3159 1136 3218 ob·

169 3251 291 3312 tineent
314 3266 334 3310 a
360 3245 473 3310 Sancta
494 3245 583 3325 Sede,
599 3267 671 3329 quae
692 3248 769 3330 ipsis
789 3260 866 3308 tunc
884 3245 987 3308 varias
1003 3247 1137 3326 imponit

168 3337 377 3416 conditiones,
391 3336 539 3416 legendas
557 3336 589 3400 in
607 3345 716 3399 nostro
736 3335 891 3413 llanuali,
907 3345 943 3394 u⁰
957 3335 1051 3412 Μὴ
1067 3356 1137 3417 quar

169 3437 274 3492 tamen
289 3445 354 3489 non
369 3426 576 3508 requiruntur
591 3444 648 3508 pro
661 3426 780 3488 caeteris
803 3423 996 3486 monialibus
1024 3425 1134 3505 huJus·

170 3515 257 3580 modi
271 3515 427 3579 clausurae
442 3533 505 3577 non
520 3514 679 3596 subjectis,
690 3533 747 3575 nec
762 3513 895 3594 proinde
908 3512 942 3576 in
957 3511 1068 3588 Gallia,
1083 3533 1136 3577 ex-

169 3615 217 3669 tra
231 3603 425 3670 Sabaudiam
439 3613 471 3668 et
488 3603 663 3668 Niciensem
680 3602 852 3666 dioecesim.

208 3697 380 3776 Quoadjus
400 3701 544 3757 nostrum
567 3692 675 3764 civile,
701 3693 853 3754 moniales
873 3691 1066 3755 aGulmrnlo
1081 3712 1137 3775 ap-

170 3785 310 3867 probata
325 3792 511 3864 reputantur
523 3782 645 3844 habiles
656 3783 781 3844 muneri
792 3779 972 3863 puellarum
980 3777 1137 3848 educatio·
