2574 4198
177 274 238 331 3190
452 278 604 324 rasurum
624 277 708 322 sums
729 276 879 322 cenoman

217 387 306 462 Resp.
322 379 514 455 Affirmativo,
530 385 560 440 31
573 384 690 440 constat
704 396 740 438 ex
757 378 880 438 Constit.
897 375 1070 438 Emendate
1083 380 1147 439 Gru

179 472 253 552 gorii
269 471 344 545 XIII,
360 475 389 530 01
404 468 496 530 decis.
513 469 544 529 S.
560 467 619 528 itit.
636 469 797 547 Congreg,
817 469 853 527 10
860 465 993 544 januarii
1008 469 1101 539 1852,
1117 470 1155 526 ad

180 565 317 639 quartam
335 556 599 635 interrogationem
615 559 649 616 D.
667 555 776 616 Lottin.

219 655 299 717 anta
311 654 392 735 qudd
416 653 664 734 Martyrolopiam
683 652 773 713 luerit
788 653 804 712 a
820 650 931 712 Bened.
949 653 1015 713 XIV
1030 669 1158 714 eorrec-

182 749 257 819 tum,
273 750 303 804 et
322 743 359 803 sil
374 741 462 803 hodie
477 742 618 821 obligatio
640 739 742 802 utendi
764 740 986 820 exemplaribus
1008 748 1159 804 correcta

183 832 219 890 alr
241 831 299 894 hoo
323 830 469 892 Pnnlilrce
490 830 649 905 editionIs,
675 847 731 890 nea
749 829 879 910 amplius
901 829 988 890 liceat
1009 829 1041 889 in
1063 828 1159 890 choro

182 919 324 980 adhibere
339 919 550 1000 martyrologia
567 919 747 998 uultquiora.
771 917 804 978 ln
821 917 904 976 novis
922 924 1025 978 tamen
1045 917 1159 997 impri-

185 1007 302 1069 mendis
316 1008 407 1069 inseri
421 1007 532 1068 debent
544 1007 643 1068 Sancti
658 1007 696 1066 alr
710 1005 816 1068 ultimt
830 1004 961 1066 edItinne
974 1005 1158 1083 canonizati,

191 1097 296 1174 auibus
310 1097 374 1157 haeo
388 1097 583 1176 praerogativa
597 1099 613 1155 1
629 1095 659 1157 S.
677 1094 754 1156 Sede
767 1093 825 1155 luit
837 1111 992 1166 concessa,
1011 1113 1074 1155 non
1088 1093 1161 1155 vero

187 1183 272 1332 1311ᾳυί
284 1184 475 1333 solpmmodo
489 1185 570 1246 Beati
581 1183 702 1246 luerunt
715 1182 865 1244 declarati.
879 1185 922 1243 lta
935 1185 965 1244 S.
979 1185 1014 1242 11.
1030 1184 1159 1263 Congu,

239 1291 307 1350 aug.
346 1276 414 1334 680.

226 1374 294 1432 718.
319 1372 441 1443 Quaerit.
461 1376 494 1432 '1⁰
509 1375 556 1432 An
571 1373 661 1434 modo
676 1372 791 1434 dIclum
808 1370 846 1433 de
862 1370 1082 1452 Martyrolopio
1098 1370 1163 1431 Ilo-

187 1477 273 1517 mano
290 1460 372 1540 quod
386 1460 424 1520 ab
444 1461 586 1522 omnibus
600 1461 741 1522 Ecclesiis
756 1461 792 1520 sit
814 1459 1032 1534 adhibendum,
1052 1460 1163 1538 pariter

189 1545 246 1606 diei
255 1546 363 1608 debeat
376 1548 413 1610 de
428 1549 625 1624 Pontr'ficalr'l

230 1652 317 1732 Resp.
341 1653 523 1716 Affirmativd
546 1674 553 1714 :
579 1661 666 1734 prout
691 1659 864 1715 constater
891 1653 991 1714 Const.
1022 1652 1164 1713 Clemen-

191 1739 227 1798 tis
251 1742 328 1811 VIII,
355 1742 408 1802 Ea
428 1761 495 1822 qao.
524 1745 647 1822 Insuper
676 1742 817 1805 Urbanus
838 1743 920 1816 VIII,
946 1742 976 1800 in
1000 1744 1054 1801 sna
1078 1741 1164 1803 Bulla

192 1826 327 1901 Quamvis
342 1830 434 1899 alias,
461 1831 595 1892 decernit
616 1851 676 1891 non
699 1849 786 1911 posse
808 1828 940 1910 Imprimi
963 1827 1164 1911 Pontr'fimlia

193 1916 248 1976 nIsi
269 1917 306 1977 de
330 1918 449 1979 licentia
465 1921 677 1999 Inquisitorum
699 1921 742 1980 vel
766 1917 1011 1989 ordinariorum,
1035 1936 1166 1997 eamque

193 2003 341 2064 lIcentiam
363 2007 487 2068 concedi
511 2026 571 2068 non
591 2007 700 2067 debere
723 2006 778 2066 nisi
802 2013 979 2088 postquam,
1003 2006 1166 2068 collatione

193 2090 284 2166 13011,
307 2095 389 2154 cerld
410 2095 575 2156 constiterit
594 2095 630 2154 de
646 2094 775 2175 perlecta
790 2113 860 2156 cnm
876 2096 1011 2154 Romana
1035 2094 1167 2156 edili0ne

194 2179 400 2242 conformitate
424 2200 431 2242 :
455 2182 544 2262 idque
571 2184 704 2264 praecipit
732 2183 788 2244 sub
804 2183 902 2262 poenis
926 2183 1112 2262 gravissimis
1136 2183 1166 2244 in

194 2266 298 2327 eadem
323 2269 446 2330 Constit.
471 2274 664 2332 enumeratis.
694 2272 765 2332 Vide
789 2273 880 2332 eliam
900 2271 1046 2332 Declarat.
1071 2273 1103 2333 S.
1129 2273 1164 2333 R.

195 2356 318 2436 Congu,
336 2361 373 2420 10
385 2359 447 2439 jan.
467 2362 553 2436 1852,
572 2361 609 2421 ad
624 2363 660 2421 D.
678 2360 776 2420 lottin
791 2359 947 2420 directam.

234 2467 302 2524 119.
326 2465 446 2534 Quaerit.
463 2470 494 2528 8ο
508 2467 584 2538 Quid
604 2467 642 2526 sit
660 2465 828 2548 specialiter
845 2465 1009 2526 dicendum
1023 2465 1061 2526 de
1077 2465 1169 2528 Cere

196 2552 318 2612 moniali
331 2555 363 2614 E
361 2553 548 2634 piscoporom
563 2556 578 2615 l

237 2658 324 2736 Resp.
342 2657 549 2722 Coerernnnr'ale
569 2662 601 2722 E
598 2663 783 2741 pr'scoporum
799 2660 949 2739 palmum,
972 2677 1054 2721 anno
1070 2663 1167 2736 1600,

197 2745 212 2804 a
228 2745 381 2808 Clemente
396 2750 459 2808 VIII
474 2750 644 2811 ordinatum
661 2769 715 2830 pro
730 2749 868 2810 universd
883 2747 1027 2823 Ecclesia,
1044 2767 1168 2812 eorrec-

198 2839 261 2894 tum
274 2833 328 2894 tuit
340 2834 449 2898 deinde
465 2839 502 2898 ab
514 2839 688 2900 Innocentio
699 2841 735 2912 X,
751 2844 780 2899 et
794 2837 964 2910 novissime,
977 2854 1059 2896 anno
1077 2841 1168 2916 1727,

199 2920 215 2981 1
231 2923 342 2984 Bened.
358 2927 435 3000 XIII,
451 2945 604 2990 sacrorum
620 2929 733 2988 rituum
749 2926 942 3006 peritissimo.

238 3032 301 3091 Hoe
318 3029 528 3094 Coeremoniale
540 3034 651 3113 obligat
661 3051 767 3093 omnes
779 3032 927 3093 Ecclesias
937 3031 1012 3092 ritus
1027 3033 1122 3109 latmi,
1135 3036 1171 3098 iis

203 3118 288 3178 aliam
304 3137 364 3179 non
379 3123 510 3201 exceptis
524 3141 591 3202 quae
606 3121 734 3200 propriis
748 3120 896 3180 Breviario
908 3129 937 3182 et
951 3121 1062 3183 Missali
1076 3131 1171 3186 utun·

202 3215 248 3268 tur
262 3226 269 3266 :
286 3208 375 3288 idque
388 3217 503 3270 constat
517 3229 552 3272 ex
567 3211 659 3272 Bullis
671 3209 742 3272 cam
752 3209 906 3270 novissime
915 3212 1079 3272 Clementis
1091 3215 1170 3291 VIII,

203 3295 271 3356 Etsi
284 3295 359 3356 elada
369 3300 534 3360 Innocenlii
552 3302 588 3360 X.
606 3300 727 3360 Constat
740 3299 864 3380 insuper
879 3318 916 3359 err
927 3299 1072 3360 Declarat.
1087 3303 1118 3362 S.
1133 3305 1169 3362 R.

202 3386 348 3464 Congreg.
373 3389 410 3447 16
421 3388 478 3464 jul.
497 3392 584 3462 1605,
605 3389 635 3449 in
659 3388 745 3448 conari
759 3387 969 3464 Salernitand,
986 3389 1016 3448 in
1031 3391 1092 3469 qud
1105 3391 1172 3453 dic-

202 3485 264 3534 tum
278 3472 352 3534 luit:
369 3476 505 3537 «Omnes
518 3477 661 3538 Ecclesias
674 3477 931 3556 Metropolitanus,
942 3476 1132 3541 Gallredrales
1143 3487 1173 3541 el

206 3582 220 3619 r
241 3561 415 3642 Collegiatas
429 3563 542 3625 dictum
559 3566 669 3627 librum
681 3565 917 3628 Cerronom'olem
933 3564 963 3624 in
979 3566 1173 3628 omnilrusad

208 3670 221 3708 a
241 3669 375 3728 unguem
390 3670 507 3714 servare
530 3653 660 3731 debere,
676 3661 877 3734 praeterquam
900 3654 930 3714 in
952 3653 1112 3734 illisque,
1134 3656 1174 3718 de

207 3749 365 3826 anulique
389 3751 419 3806 et
442 3743 672 3804 immemorabili
701 3742 942 3815 consuetudine,
971 3742 1029 3804 alio
1052 3742 1099 3803 vel
1125 3743 1171 3805 di·
