2574 4198
216 239 279 295 aaa
495 248 645 292 aaanmra
666 246 748 292 auara
768 247 916 294 ceramon

223 351 361 424 possunt,
377 343 520 417 alienare,
535 343 592 404 nisi
607 343 659 404 liat
672 361 708 406 ex
718 346 799 423 justa
813 343 1046 419 causa,obtenta
1061 342 1093 403 S.
1110 338 1199 402 Sedis

223 432 412 513 beneplacito
434 439 464 493 et
486 433 606 494 servatis
629 433 855 494 formalitatihus
873 435 890 494 a
911 433 978 510 Jure
1002 427 1197 512 praescriptis.

225 521 355 583 Nomine
369 527 469 582 autem
486 521 675 582 alienationis
691 521 899 602 intelliguntur
914 539 974 582 non
993 519 1093 582 solbm
1115 523 1199 580 actua

223 611 339 687 quibus
359 608 534 670 transfertur
554 609 726 671 dominium
743 611 865 692 proprie
887 609 1020 685 dictum,
1035 615 1070 670 ut
1090 605 1126 667 lit
1147 623 1200 685 per

226 699 453 775 venditionem,
482 697 696 770 donationem,
725 699 998 779 permutationem,
1026 696 1080 758 sed
1108 694 1200 755 etiam

226 795 313 850 actus
327 786 438 868 quibus
446 786 496 864 ius
507 786 539 846 in
553 793 733 866 perpetuum
744 787 791 848 vel
805 787 843 849 ad
857 789 982 868 longum
997 791 1120 864 tempus
1133 799 1201 844 con·

230 876 363 952 ceditur,
378 882 411 937 ut
425 874 457 934 lit
469 892 523 953 per
535 874 713 936 locationem
727 874 804 936 ultra
818 877 1002 952 triennium,
1017 872 1201 953 oppignera-

231 965 364 1041 tionem,
379 963 580 1044 hypothecas,
598 963 820 1043 impositionem
836 966 904 1026 nori
919 961 1120 1045 gravaminis,
1136 977 1199 1022 ser·

231 1053 350 1126 vitulis,
365 1054 492 1125 census,
507 1058 565 1112 eto.

272 1141 321 1202 Sio
338 1141 420 1202 enim
433 1140 524 1200 habet
537 1141 693 1220 Extravag.
710 1140 881 1203 Ambitiosa
894 1142 978 1203 Pauli
992 1143 1019 1201 ll
1033 1159 1040 1200 :
1063 1161 1079 1199 a
1096 1138 1200 1199 Ambi-

232 1252 252 1288 (ι
271 1230 354 1290 tiosae
373 1229 566 1308 cupiditati...
581 1247 740 1292 occurrere
754 1233 925 1310 cupientes,
938 1231 1078 1292 omnium
1098 1245 1200 1290 rerum

235 1341 252 1376 a
272 1324 302 1378 et
316 1317 466 1379 bonorum
488 1316 756 1381 ecelesiasticorum
774 1319 1004 1392 alienationem,
1020 1335 1115 1379 omne
1129 1335 1201 1398 pae-

154 1436 157 1442 ,
235 1429 252 1462 a
274 1414 335 1467 tum
351 1424 405 1486 per
421 1405 503 1485 quod
522 1405 657 1485 ipsorum
676 1408 845 1470 dominium
865 1407 1060 1480 transfertur,
1075 1423 1201 1467 conces·

234 1517 253 1552 o
274 1494 402 1568 sionem,
418 1493 628 1574 hypothecam,
643 1496 822 1558 locationem
835 1504 864 1558 et
878 1495 1112 1558 conductionem
1127 1495 1202 1556 ultra

238 1583 457 1658 «triennium,
492 1601 611 1644 necnon
641 1583 897 1660 infeudationem,
933 1585 979 1647 vel
1013 1587 1202 1646 contractum

236 1696 253 1730 a
274 1672 529 1752 emphyteoticum
539 1675 561 1746 ¹,
587 1680 787 1755 praeterquam
814 1674 846 1734 in
868 1673 985 1736 casibus
1007 1673 1112 1752 aiure
1136 1691 1201 1753 per-

144 1829 148 1837 ·
233 1782 253 1819 o
274 1761 423 1835 missis...,
444 1767 474 1822 et
489 1779 559 1824 oum
580 1763 775 1825 eeclesiarum
793 1763 922 1824 evidenti
944 1761 1090 1838 utilitate,
1112 1779 1149 1823 ac
1167 1762 1203 1823 de

240 1849 420 1910 «fructibus
441 1859 470 1911 et
488 1849 575 1912 bonis
594 1853 699 1930 quae...
722 1854 831 1914 servari
854 1870 914 1913 non
935 1857 1115 1932 possunt...,
1139 1849 1202 1913 lieri
1276 1859 1277 1878 i

235 1960 253 1996 a
272 1937 503 2017 prohibemus...

279 2026 465 2086 «alienanti
488 2028 558 2090 verb
580 2028 658 2091 bona
686 2031 901 2105 ecelesiarum,
929 2029 1201 2103 monasteriorum,

234 2136 253 2172 a
275 2113 472 2194 locorumque
493 2117 613 2195 piorum
632 2120 852 2199 quorumlibet,
877 2118 1046 2181 inconsulto
1066 2119 1203 2180 Romano
1275 2183 1276 2194 ,

234 2226 253 2261 o
273 2202 437 2279 Pontihee,
453 2211 505 2265 aut
516 2213 619 2268 contra
637 2211 793 2290 praesentis
810 2207 1034 2270 Constitutionis
1046 2214 1202 2282 tenorem,

239 2313 254 2350 ι
275 2290 300 2352 si
313 2291 478 2352 Pontifioali
493 2312 546 2355 seu
562 2295 708 2358 abbatiali
724 2297 1071 2377 praelulgeatllignitate,
1087 2296 1203 2378 ingres·

237 2401 253 2436 a
274 2397 326 2440 sus
339 2380 472 2442 ecelesiae
486 2383 524 2443 sit
537 2384 655 2464 penitus
670 2386 855 2447 interdictus.
872 2385 902 2448 Si
918 2404 971 2466 per
981 2403 1031 2446 sex
1042 2401 1201 2447 menses...

239 2489 253 2526 a
273 2467 375 2530 animo
388 2479 557 2550 perseveret
570 2473 759 2550 indurata...,
775 2475 793 2536 ὸ
810 2475 958 2554 regimine
971 2479 1000 2535 et
1013 2473 1203 2535 administra-

238 2579 254 2616 «
273 2556 354 2619 tioua
368 2576 430 2620 suae
444 2559 577 2623 ecclesiae
587 2563 634 2625 vel
645 2563 817 2625 monasterii
827 2564 865 2624 sit
875 2581 912 2624 eo
924 2564 988 2643 ipso
998 2579 1200 2643 suspensus.»
1274 2621 1275 2640 ,

234 2647 267 2707 ln
281 2653 404 2708 caeteros
418 2647 599 2724 alienantes,
614 2651 785 2714 decernitur
798 2670 889 2734 paena
903 2649 1076 2734 privationis
1095 2650 1202 2730 officii,

233 2734 411 2814 Dignitatis,
432 2736 569 2800 benelioii
584 2747 612 2801 et
627 2741 902 2803 administrationis.

273 2824 425 2904 Insuperl
436 2834 512 2906 sept.
525 2831 613 2905 teat,
628 2832 658 2891 S.
670 2831 779 2912 Gongr.
791 2832 897 2907 Cone,
908 2828 995 2911 jussu
1003 2829 1117 2894 Urbani
1130 2833 1203 2908 Vlll,

234 2911 394 2974 Decretum
406 2913 498 2976 edidit
510 2935 660 2998 sequens:
681 2920 742 2980 «S.
756 2919 963 3000 Congregatio,
979 2919 1101 2999 speciali
1116 2922 1211 2995 Sane¹
1273 2947 1274 2962 ¹

239 3021 254 3058 a
275 3001 379 3062 tissimi
401 3004 438 3066 D.
459 3005 495 3067 N.
516 3007 654 3085 jussu...,
679 3008 872 3072 Gesteralibus
893 3007 939 3070 vel
954 3008 1202 3084 Provincialibus,

235 3110 253 3146 o
274 3089 418 3170 Capitulis
437 3092 483 3152 vel
506 3095 830 3176 congregationibus...
856 3102 886 3158 et
908 3096 1202 3179 quibuscumque...

240 3199 254 3234 a
276 3178 487 3256 Superioribus
506 3184 693 3262 regularibus
717 3185 847 3265 cujusvis
868 3185 1006 3261 Ordinis,
1031 3186 1205 3268 Congrege-

237 3287 254 3323 α
274 3265 380 3342 tionis,
400 3268 555 3333 societatis
570 3272 615 3334 vel
629 3275 774 3350 Instituti‚
796 3275 872 3335 intra
888 3274 964 3336 lines
979 3276 1108 3356 Europae
1123 3277 1204 3339 exis-

266 3434 274 3463 ·
291 3432 460 3498 Empbuteusrs
472 3445 509 3490 est
527 3449 667 3493 contractus
680 3459 743 3509 quo,
760 3450 856 3495 retento
870 3444 981 3495 dominio
998 3444 1102 3506 directo,
1121 3453 1204 3498 trans·

235 3503 312 3553 fertur
325 3501 395 3557 alul
407 3509 438 3558 ad
459 3511 548 3576 longos
564 3529 643 3565 annos
659 3515 796 3565 dominium
813 3515 873 3566 utila
891 3531 936 3566 seu
952 3516 1121 3568 ususlruotus.
1133 3520 1203 3584 Apud

235 3589 281 3623 nor
293 3581 374 3639 potest
390 3578 443 3629 lieri
461 3583 492 3631 ad
509 3585 539 3633 99
555 3599 634 3635 annos
650 3601 681 3637 ex
697 3588 753 3648 lege
769 3587 799 3637 18
811 3592 860 3638 aot.
875 3587 946 3646 1790,
959 3588 1004 3637 etsi
1017 3603 1068 3638 uon
1078 3589 1121 3654 jus
1131 3589 1156 3640 in
1169 3606 1202 3650 re,

233 3645 277 3724 sed
287 3645 329 3710 jus
345 3647 376 3698 ad
393 3665 444 3700 rem
461 3653 543 3704 soldm
562 3657 639 3720 possit
653 3658 787 3708 transferri.
807 3657 875 3724 (Vide
887 3657 973 3710 Theol.
989 3658 1085 3722 rotor..
1097 3662 1135 3714 Dc
1145 3662 1204 3723 jus·
1271 3689 1272 3724 r

236 3717 295 3776 trtrrt,
311 3718 371 3768 diss.
387 3720 410 3779 l,
426 3737 480 3786 cap.
493 3725 516 3784 l,
532 3727 557 3775 in
570 3729 637 3790 fine.)
1168 3805 1172 3813 ¹
