2590 4208
172 285 211 352 rt
458 298 614 348 rinnau-ru
633 298 715 346 runis
734 294 882 345 canonici.

171 421 245 484 dam
257 415 427 480 recidivam
442 423 548 498 posset
562 413 708 495 superior
723 414 865 494 aliquam
885 406 1105 474 austeritatem
1116 409 1150 472 in

171 504 279 588 regula
292 523 356 566 non
368 501 651 584 comprehensam
667 501 723 564 sed
733 501 794 566 hoc
811 497 975 562 reductive
984 496 1020 559 in
1038 496 1151 576 regula

171 593 363 659 continetur.

210 683 278 744 lmo
293 683 317 743 si
334 681 436 762 gravis
450 697 545 743 causa
558 678 706 760 postulet,
720 677 892 760 praecipere
905 681 1007 757 potest
1034 679 1071 736 ut
1086 671 1152 734 sub·

170 771 257 835 ditus
271 788 345 832 cum
359 768 499 851 periculo
515 768 584 829 vitae
606 767 764 829 ministret
792 765 880 826 tratri
909 760 1023 826 morbo
1046 765 1157 824 eonta-

171 862 259 941 gioso
275 857 453 940 oegrotauti.
472 856 623 938 Superior
646 865 752 918 tamen
776 852 999 918 carthusianus
1029 848 1158 913 subdito

168 948 281 1030 jubere
301 946 446 1028 nequiret
465 954 499 1008 ut
515 963 600 1007 mare
614 944 795 1007 transfretet
809 960 883 1005 cum
909 941 982 1004 vitae
998 937 1159 1020 periculo,

170 1035 319 1099 etiamad
335 1033 516 1096 infidelibus
536 1032 786 1113 praedicandum,
803 1031 879 1113 quia
894 1029 956 1092 hoo
967 1035 1018 1090 est
1032 1025 1075 1089 ab
1089 1024 1160 1088 lus·
1273 1083 1274 1086 ,

171 1124 266 1187 tituto
281 1123 311 1186 S.
337 1122 495 1185 Brunonis
515 1122 665 1200 alienum.

211 1210 434 1292 Superioribus
459 1219 615 1272 contrarie
639 1204 910 1290 praecipientibus,
926 1203 955 1265 ei
969 1204 1034 1286 qui,
1053 1201 1160 1282 maJo·
1276 1262 1277 1290 ,

171 1318 239 1363 rem
254 1300 471 1361 auctoritatem
500 1295 649 1376 possidet,
675 1294 842 1373 religiosus
861 1289 989 1355 obedire
1015 1295 1157 1352 tenetur.

172 1386 222 1469 (V.
238 1387 299 1448 alia
314 1387 344 1447 in
370 1385 521 1459 Maenali,
536 1384 577 1446 n¹'
596 1381 799 1462 sous-3027.)

223 1476 311 1537 l020.
335 1471 460 1546 Quaerit.
477 1476 511 1535 5⁰
519 1472 566 1534 An
577 1469 699 1534 Praelati
708 1469 867 1549 regulares
880 1470 1005 1534 valeant
1016 1471 1158 1537 condere

183 1569 299 1628 statuta
313 1561 377 1624 rim
391 1570 422 1624 et
436 1560 590 1626 rationem
604 1560 681 1641 legis
695 1557 844 1622 habentia
858 1557 875 1623 l

224 1652 316 1733 llesp.
330 1649 377 1712 Ex
391 1648 563 1737 sequidem
576 1667 641 1712 non
657 1665 759 1731 posse,
775 1647 829 1712 sed
840 1647 872 1710 id
887 1647 994 1712 valent
1007 1667 1084 1714 cum
1099 1648 1162 1713 Ga·
1281 1668 1282 1700 t

186 1739 278 1825 pituli
290 1739 443 1819 generalis
457 1737 578 1803 Ordinis
590 1755 763 1814 cousensu3
781 1739 865 1800 unde
874 1755 940 1801 non
954 1739 1161 1822 episcopalem,

186 1829 243 1893 sed
273 1835 393 1890 tantum
421 1825 716 1910 quusi-episcopalem
751 1825 911 1908 possident
934 1829 1160 1892 auctoritatem

189 1915 310 1981 Praelati
333 1917 504 1997 regulares.

228 2003 411 2088 ACapitulo
423 2015 528 2068 autem
542 2001 782 2085 generaliseondi
794 2011 925 2086 possunt
939 2013 1164 2081 statutanora,

189 2093 295 2178 quoad
309 2111 421 2157 omnes
438 2093 647 2174 obligatoria,
663 2093 759 2158 modo
783 2092 842 2155 sub
857 2094 982 2174 regule,
1002 2093 1168 2158 reductive

189 2185 315 2255 saltem,
331 2183 642 2265 comprehendantur
659 2202 667 2246 :
684 2183 747 2246 imo
761 2181 943 2262 Capitulum
956 2190 1075 2247 statuta
1091 2201 1165 2266 pos·

190 2280 240 2338 set
253 2270 389 2336 condere
402 2291 483 2353 quse,
501 2291 559 2336 nec
572 2274 668 2336 etiam
687 2271 859 2345 reductive,
874 2271 934 2334 sub
948 2272 1057 2354 regula
1073 2291 1165 2337 eom-

194 2359 473 2446 preheuderentur.
489 2360 550 2424 Sed
571 2379 608 2424 ee
622 2361 763 2441 obligare
781 2361 867 2424 haud
883 2369 1006 2443 queunt
1032 2361 1092 2426 nisi
1114 2379 1170 2426 eos

193 2451 251 2534 qui
266 2449 386 2512 suntin
404 2457 564 2533 posterum
579 2450 762 2531 religionem
779 2449 961 2534 professuri.

236 2540 332 2604 Secus
345 2547 425 2604 esset
439 2540 465 2604 si
480 2541 554 2604 talia
576 2559 594 2603 a
608 2539 639 2604 S.
657 2541 807 2604 Pontifice
820 2540 1033 2604 conderentur
1047 2563 1056 2620 ;
1074 2543 1164 2624 quis,

198 2632 254 2696 etsi
271 2630 438 2711 praecipere
450 2639 585 2711 nequeat
599 2629 683 2710 Papa
698 2649 769 2712 quur
788 2638 862 2692 sunt
876 2632 1127 2712 surerogationis
1141 2640 1174 2696 et

199 2719 343 2794 consilii,
363 2727 517 2794 attamen,
542 2720 644 2801 inquit
659 2719 793 2797 Suarez,
810 2720 972 2802 supposito
987 2729 1073 2785 statu
1097 2721 1172 2785 reli-

201 2809 306 2890 gioso,
322 2807 462 2890 aliquam
476 2815 577 2892 potest
599 2808 833 2872 observantiam
854 2808 1009 2890 religiosis
1028 2813 1175 2893 praescri·

203 2895 285 2968 bere,
305 2897 331 2960 si
349 2916 418 2959 eam
440 2896 557 2979 judicet
578 2897 726 2980 expedire
747 2900 786 2960 ad
801 2899 945 2962 Ecclesiae
966 2899 1110 2976 bonum,
1127 2901 1176 2964 rel

204 2985 244 3050 ad
258 2985 408 3068 majorem
421 2986 598 3050 decentiam
613 2985 749 3050 lustituti
776 2987 924 3068 religiosi.
938 2987 1026 3062 Quod
1043 2989 1176 3071 quidem

200 3079 299 3150 ualet,
315 3093 379 3136 nou
395 3093 432 3135 ex
447 3081 599 3156 potestate
621 3075 867 3150 dominationis,
890 3078 942 3138 sed
959 3077 987 3140 vi
1003 3096 1067 3142 suae
1079 3079 1175 3162 juris·

202 3163 351 3226 dictionis
372 3181 537 3242 supremae.

247 3255 334 3315 lost.
358 3250 483 3325 Quaerit.
499 3257 532 3316 6⁰
545 3255 593 3318 An
607 3255 744 3335 religiosi
759 3255 891 3336 mitigati
909 3254 1041 3335 obligari
1057 3259 1179 3339 possint

208 3341 247 3402 ad
260 3339 490 3403 observandam
507 3342 762 3406 reformationem
777 3342 793 3406 l

247 3430 339 3510 Resp.
357 3427 389 3492 Si
404 3429 532 3494 inducta
546 3432 640 3496 fuerit
660 3433 814 3512 mitigatio
826 3451 882 3514 per
896 3433 928 3497 S.
946 3433 966 3497 S
986 3434 1035 3498 dis
1049 3435 1179 3520 dispeu·
1212 3429 1220 3446 ”

210 3519 374 3596 sationem,
388 3527 419 3581 et
431 3538 449 3582 a
463 3517 756 3602 Capitulogenerali
766 3519 945 3586 reformatio
957 3453 1022 3599 dat,
1038 3527 1096 3608 qui
1111 3545 1181 3610 pro·

207 3607 309 3672 fessus
328 3608 387 3671 fuit
408 3615 480 3672 ante
500 3609 778 3687 reformationem,
803 3610 843 3673 ad
867 3610 967 3692 ipsam
991 3615 1179 3680 servandam

212 3716 275 3762 uon
284 3705 421 3776 tenetur,
436 3699 494 3760 nisi
511 3698 580 3762 talis
587 3699 626 3762 sit
640 3707 676 3764 ut
685 3699 836 3763 indirecte
845 3699 905 3763 sub
918 3702 1026 3784 regula
1039 3705 1180 3788 mitigata

211 3789 421 3854 contineatur·
444 3785 539 3852 Seeus
559 3790 586 3850 si
599 3789 754 3868 mitigatio
770 3789 897 3854 inductu
915 3790 1023 3856 fuisset
1038 3811 1094 3866 per
1108 3813 1181 3859 uon·

996 4110 1287 4157 ..ψ-...ΔΜ
