2618 4212
206 225 262 293 tte
475 243 629 290 semema
650 242 732 288 rums
745 241 895 290 cxsorrex.

200 373 381 438 progressus
403 359 579 436 inimicum,
603 359 643 422 ab
662 360 749 422 omni
772 359 947 442 juventutis
974 366 1178 444 instituendae

198 445 432 527 edueandaeque
446 467 522 510 cura
537 457 567 511 et
579 447 681 510 officio
696 467 761 510 esse
774 451 997 518 amovendum.

237 536 270 596 80
286 533 431 598 Ecclesiae
454 537 537 614 leges
559 554 623 599 non
650 535 791 615 obligare
819 537 851 598 iu
877 543 1083 624 conscientia,
1113 553 1177 616 nisi

199 639 271 683 cum
288 624 532 703 promulgantur
548 645 564 686 a
579 623 662 688 cirili
680 633 847 706 potestale3
864 659 901 675 -
918 637 986 694 acta
1003 642 1033 696 et
1047 637 1176 704 decreta

199 711 412 772 Romanorum
443 713 640 788 Pontificum,
671 712 710 774 ad
731 713 922 794 Religionem
944 729 973 780 et
999 722 1176 793 Ecclesiam

199 799 389 878 spectantia,
405 800 546 881 indigere
560 801 722 864 sanctione
734 809 765 863 et
779 803 1026 889 approbatione,
1044 813 1095 878 vel
1113 817 1179 882 mi·

201 888 322 948 nimum
337 906 465 950 assensu
483 890 644 970 potestatis
656 891 775 964 civilis3
788 891 1034 964 constitutiones
1050 915 1179 985 aposto·

200 975 277 1037 licas
291 976 407 1052 quibus
428 977 622 1040 damnantur
643 977 847 1042 clandestinae
862 979 1048 1064 societates,
1065 992 1180 1060 sivein

200 1059 246 1126 'eis
262 1065 421 1144 exigatur,
443 1067 507 1129 sire
529 1083 593 1132 nou
609 1067 751 1146 exigatur
767 1067 980 1149 jurameutum
1000 1075 1040 1140 de
1058 1093 1184 1148 secreto

203 1153 378 1228 servande,
403 1171 577 1235 earumque
605 1155 729 1216 asseclae
757 1169 788 1216 et
816 1155 952 1221 fautores
977 1167 1184 1233 anathemate

204 1240 415 1315 mulctantur,
430 1243 551 1304 nullam
568 1243 684 1304 habere
697 1243 759 1304 vim
774 1243 805 1305 iu
823 1245 884 1308 illis
897 1247 983 1312 orbis
997 1255 1184 1334 regionibus

206 1329 261 1391 ubi
278 1328 432 1409 ejusmodi
447 1331 681 1411 aggregatioucs
696 1330 896 1396 tolerantura
907 1337 1183 1424 ciriliGubernio;

206 1451 245 1464 -
260 1419 618 1482 excommunicationem
635 1437 652 1480 a
666 1417 807 1483 Concilio
825 1421 1007 1490 Tridentino
1020 1438 1052 1492 et
1065 1431 1186 1498 lloma·

207 1505 256 1566 nis
279 1504 481 1568 Pontificibus
503 1507 597 1570 latam
623 1508 654 1568 in
676 1526 730 1569 eos
751 1509 804 1590 qui
820 1509 891 1592 jura
907 1517 1187 1604 possessionesque

208 1593 354 1656 Ecclesiae
375 1596 528 1656 invadunt
543 1605 573 1657 et
588 1605 762 1677 usurpant,
783 1597 836 1658 niti
853 1601 1038 1668 confusione
1060 1611 1187 1674 ordinis

210 1684 400 1764 spiritualis,
417 1683 599 1765 ordinisque
613 1685 714 1747 civilis
738 1703 773 1746 ac
788 1687 906 1767 politici
923 1691 960 1752 ad
983 1697 1186 1764 mundanum

211 1773 366 1832 duntaxat
381 1771 502 1833 bouum
519 1772 772 1854 prosequendum
787 1795 842 1850 ;-
854 1775 1024 1844 Ecclesiam
1036 1784 1117 1850 nihil
1128 1787 1187 1852 de-

211 1859 284 1922 bere
299 1859 477 1936 decernere,
500 1862 585 1942 quod
607 1862 802 1942 obstringere
828 1867 925 1944 possit
946 1869 1088 1936 fidelium
1108 1893 1190 1941 con-

213 1949 357 2010 scientias
383 1949 414 2010 iu
430 1949 540 2012 ordine
564 1951 601 2012 ad
619 1969 710 2012 usum
734 1970 840 2015 rerum
861 1960 1083 2035 temporalium
1101 1983 1110 2027 ε
1129 1965 1190 2030 Ec·

215 2037 314 2100 elesiae
326 2036 376 2119 jus
388 2057 452 2101 non
468 2046 625 2120 compatre
638 2039 805 2102 violatores
817 2041 922 2121 legum
938 2053 1067 2111 suarum
1085 2059 1192 2133 poenis

214 2126 440 2206 temporalibus
455 2127 634 2204 coercendi3
656 2129 817 2192 conlorme
831 2149 897 2192 esse
911 2152 1005 2198 sacrae
1021 2138 1192 2223 theologiae

212 2215 355 2297 ¹iurisque
367 2215 486 2295 publici
504 2218 677 2298 principiis,
694 2217 852 2280 bonorum
869 2224 1194 2314 proprietatemque

216 2305 254 2364 ab
270 2304 419 2377 eeclesiis,
437 2306 592 2369 al'amilis
605 2305 769 2385 religiosis
787 2309 920 2389 aliisque
932 2312 1010 2376 locis
1024 2318 1087 2397 piis
1097 2324 1194 2400 possi·

217 2393 343 2464 deutur,
358 2392 442 2454 cirili
459 2393 618 2458 Gubernio
634 2414 769 2458 asserere
783 2407 813 2458 et
830 2398 999 2464 vindicare.

258 2485 291 2543 90
306 2480 556 2544 Ecclesiasticam
570 2492 754 2564 potestatem
767 2504 828 2546 non
845 2505 910 2548 csse
921 2488 993 2569 jure
1006 2491 1117 2560 divino
1129 2499 1193 2564 dis·

219 2572 348 2631 tinctam
360 2577 388 2631 et
403 2571 667 2652 imlependentem
679 2582 857 2654 apotestate
872 2577 968 2651 civili,
984 2599 1090 2663 neque
1106 2587 1194 2669 ejus.

218 2659 1195 2758 medidisliuetionemetindepeudeutiamserrariposse‚quin

219 2747 258 2809 ab
270 2747 409 2810 Ecclesia
445 2749 635 2813 invadantur
662 2759 692 2812 et
708 2760 901 2832 usurpentur
927 2761 1110 2827 essentialia
1126 2765 1195 2831 iura

220 2838 381 2918 potestatis
398 2837 506 2900 civilis.
779 2852 784 2861 “

260 2930 311 2990 100
327 2925 391 2988 lllis
405 2925 693 3007 apostolicaesedis
707 2926 831 3008 judiciis
846 2938 876 2992 et
891 2931 1035 3011 decretis,
1052 2959 1194 3022 quorum

218 3015 376 3095 obiectum
403 3016 442 3078 ad
472 3015 591 3079 bouum
620 3017 765 3096 generale
790 3019 957 3096 Ecclesiae,
985 3025 1200 3114 ejusdemque

217 3105 295 3186 jura,
326 3103 365 3167 ad
389 3104 590 3187 disciplinam
619 3117 760 3187 spectare
786 3107 984 3188 declaratur,
1013 3114 1194 3186 dummodo

219 3195 290 3257 fidei
314 3211 502 3276 morumque
517 3193 664 3274 dogmata
680 3213 743 3256 non
761 3197 904 3278 attingat,
922 3219 1012 3282 posse
1028 3225 1196 3277 assensum

219 3293 248 3346 et
263 3283 650 3346 obedientiamdelrectari
666 3283 785 3362 absque
798 3297 936 3365 peccato,
950 3299 981 3352 et
991 3293 1115 3377 absque
1126 3301 1191 3365 ulla

219 3369 382 3436 catholicae
398 3372 597 3452 professionis
615 3373 747 3450 iactura.

229 3497 231 3504 ι
259 3460 301 3521 De
314 3461 430 3540 quibus
446 3467 549 3523 aulem
559 3462 828 3542 propositionibus
843 3465 887 3526 sic
901 3470 1010 3532 statuit
1025 3472 1170 3544 Pontifex

233 3583 236 3589 -
260 3573 274 3606 ι
292 3547 406 3614 Omnes
427 3559 457 3612 et
479 3551 618 3630 singulas
643 3569 755 3632 pravas
777 3553 943 3634 opiniones
964 3575 1001 3622 ac
1029 3562 1192 3632 doctrinas

222 3662 236 3696 ι
262 3637 445 3716 singillatim
468 3638 553 3700 hisce
575 3638 686 3702 litteris
709 3653 972 3708 commemoratas
1003 3657 1195 3721 auctoritate

222 3750 245 3784 ι.
259 3726 369 3789 Nostra
397 3725 574 3806 Apostolica
613 3728 828 3812 reprobamus,
844 3736 1073 3814 proscribimus
1098 3757 1191 3812 atoue
