2590 4208
452 340 601 386 studenti
624 336 704 382 lunis
724 333 872 379 ΟΑΝΟΜΩΙ.

565 553 710 608 PUNCTUM
729 553 764 603 lt.

181 715 211 752 DE
233 709 470 753 consummamus
489 705 595 746 vtltouul
620 703 687 744 VO'llS
706 700 854 743 sutuuulutls
869 696 1020 740 canemus
1037 693 1160 734 entatu}

581 806 613 844 nu
629 803 764 844 sermore&

229 953 316 1013 loto.
348 945 534 1026 Huiusmodi
563 941 825 1024 Congregationes
848 937 1005 1003 Ordinarii
1031 935 1164 1017 quidem

189 1035 400 1118 jurisdictioni
414 1033 635 1114 subjiciuntur,
652 1031 706 1094 sed
720 1025 850 1114 quaudo
870 1025 1000 1118 illorum
1014 1025 1166 1088 constitu·
1281 1075 1282 1078 ,

191 1128 293 1190 tiones
308 1124 348 1185 ab
363 1123 542 1202 apostolica
557 1119 636 1183 Sede
650 1128 725 1182 sunt
747 1117 944 1198 approbata,
961 1113 1055 1178 nullo
1069 1113 1167 1177 modo
1281 1121 1282 1124 ’

192 1219 325 1295 possunt
340 1210 379 1272 ab
389 1210 552 1290 Episcopis
568 1207 683 1270 mutari
695 1227 704 1283 ;
718 1225 756 1269 eo
771 1203 857 1288 quod
870 1205 909 1268 ad
924 1203 1028 1266 solum
1043 1201 1076 1265 S,
1091 1203 1169 1264 Pon·

193 1301 309 1362 tilieem
325 1297 481 1378 pertineat
496 1305 663 1358 retractare
678 1293 765 1370 quod
779 1295 846 1374 ipse
860 1291 978 1356 statuit.
997 1291 1031 1353 ln
1059 1291 1168 1372 aliquo

196 1399 313 1460 tanen,
326 1403 399 1448 cum
413 1383 549 1466 Capituli
559 1383 680 1446 ordinis
691 1399 859 1456 consensu,
871 1379 942 1444 illas
953 1388 1079 1442 mutare
1094 1398 1168 1461 pus·
1282 1367 1283 1386 *

196 1484 242 1539 set
255 1476 442 1556 Episcopus,
456 1473 481 1534 si
505 1471 686 1534 institutum
700 1471 740 1532 ab
765 1471 834 1551 ipso
846 1469 1001 1532 duntaxat
1015 1479 1098 1531 esset
1112 1487 1170 1550 ap·

197 1565 376 1648 probatum.

237 1653 284 1716 Ab
296 1653 463 1735 Episcopo,
480 1658 624 1730 utsupra
639 1649 775 1712 diximus
789 1647 890 1728 (rouo,
905 1648 1082 1730 l008)‚non
1099 1667 1173 1731 pen·

198 1743 273 1804 dent
285 1740 402 1804 eaedem
418 1739 700 1820 congregationes,
724 1737 829 1819 quoad
844 1738 1002 1800 bonorum
1016 1737 1172 1800 adminis-

199 1831 385 1903 trationem,
413 1829 474 1891 nisi
503 1836 646 1907 ageretur
673 1828 713 1890 de
741 1825 930 1890 alienatione
955 1825 1172 1890 immobilium

200 1919 315 1982 modici
336 1919 462 1980 valoris.
480 1917 556 1979 Item
573 1916 648 1998 ipsis
663 1933 727 1978 non
747 1914 882 1978 subsunt
896 1914 1002 1996 quoad
1018 1915 1173 1996 Praeposi-

200 2017 305 2070 torum
319 2006 515 2081 electionem,
527 2003 747 2086 expulsionem
761 2002 991 2084 religiosorum,
1001 2004 1174 2086 necquoad

202 2095 316 2175 regulae
329 2094 591 2166 observationem,
607 2101 665 2156 etc.
1284 2096 1285 2118 l

240 2185 397 2256 Attamen,
407 2181 495 2264 juxta
510 2181 631 2245 Bullam
642 2183 806 2245 Emanuut't
819 2180 975 2245 Benedicti
987 2181 1067 2257 XlV,
1075 2182 1173 2264 judex
1284 2165 1285 2172 ἶ

203 2280 248 2334 est
266 2271 440 2352 Episcopus
452 2279 627 2340 {causarum
653 2270 809 2334 nullitatis
827 2271 1017 2332 electionum
1038 2270 1079 2332 ad
1095 2271 1173 2334 Prae·

204 2361 397 2441 posituram,
414 2359 507 2421 modo
521 2377 616 2422 causa
631 2359 670 2421 ad
685 2360 791 2441 ipsum
806 2359 963 2439 abaliquo
977 2361 1174 2423 communita

212 2447 399 2514 tismembro
411 2447 577 2520 deleratur,
594 2465 668 2510 casu
683 2449 793 2512 saltem
809 2449 841 2510 in
858 2465 921 2528 quo
936 2465 1001 2510 non
1017 2449 1125 2528 agitur
1138 2449 1176 2513 de

204 2538 362 2622 Superiori
377 2536 532 2616 generali,
550 2537 598 2600 vel
619 2537 658 2599 de
679 2538 834 2619 superiori
855 2536 949 2599 alicui
969 2541 1143 2601 conventui
1159 2556 1176 2600 a

205 2625 358 2708 superiori
383 2624 521 2705 generali
543 2627 721 2708 praeposito.
750 2625 799 2707 (V.
823 2625 984 2700 Manuale,
1014 2623 1057 2687 nl¹
1075 2625 1176 2703 2962,

205 2715 308 2796 tuus).

245 2804 363 2866 Eadem
381 2803 523 2866 instituta
545 2805 666 2867 institui
682 2803 812 2886 quidem
822 2812 985 2885 nequeunt
998 2803 1067 2868 sine
1084 2803 1178 2869 Ordi-

207 2895 287 2956 narii
300 2911 465 2967 consensu,
482 2893 613 2956 sednon
630 2893 700 2956 ideo
717 2892 840 2974 abipso
859 2894 1015 2975 supprimi
1032 2904 1178 2974 possunt,

203 2991 227 3054 si
247 3002 262 3044 a
278 2981 393 3044 Sancta
406 2980 485 3044 Sede
500 2983 674 3064 approbata
687 2982 814 3045 luerint.

247 3069 366 3132 Eorum
391 3069 562 3151 presbyteri
587 3071 735 3152 Episcopi
760 3071 989 3153 approbatione
1016 3073 1179 3153 indigent,

208 3160 303 3220 etiam
318 3175 375 3240 pro
390 3157 602 3221 confratribus
616 3159 827 3235 absolvendis,
844 3161 904 3222 nisi
927 3179 1049 3224 secuse
1064 3161 1179 3227 Sancta

210 3245 287 3310 Sede
302 3245 488 3328 dispositum
505 3247 607 3311 luerit.
624 3248 724 3328 Ipsius
738 3250 854 3331 pariter
866 3248 1080 3331 jurisdictioni
1106 3252 1181 3316 sub-

210 3342 282 3398 sunt
303 3334 408 3415 quoad
432 3338 659 3418 repressionem
689 3339 864 3402 criminum.
885 3347 995 3402 contra
1016 3341 1069 3422 jus
1093 3359 1181 3405 eom·

210 3440 307 3486 inune
321 3431 530 3506 patratorum.
549 3426 616 3490 Non
635 3435 742 3489 autem
756 3427 992 3491 communicant
1009 3429 1182 3514 privilegiis

211 3510 403 3591 regularium
414 3515 541 3600 proprie
555 3513 724 3581 dictorum.
