2604 4196
224 309 281 372 546
493 325 644 372 acaunum
664 326 746 370 senis
768 325 915 370 canoniea.

261 428 292 486 2⁰
314 428 381 487 Non
404 431 450 488 est
465 426 641 506 deneganda
663 425 815 505 sepultura
834 421 1032 486 ecclesiastica
1051 427 1191 502 peecato-

225 511 305 578 ribus
323 515 467 592 occultis,
486 523 769 598 quantumcumque
781 511 930 594 parochus
944 518 1045 574 certus
1060 517 1139 574 esset
1153 511 1193 573 dc

224 617 326 664 eorum
340 603 528 665 criminibus,
961 635 964 639 ·

261 703 293 761 3·
315 701 363 763 Sic
382 708 599 764 enumerantur
613 703 629 761 a
643 700 762 761 Ih'tueh'
781 699 910 761 Idomene
928 716 1016 760 cesus
1034 695 1192 778 inquibus

224 788 362 851 nonlicet
375 790 448 852 dare
461 789 693 853 eeclesiasticam
706 787 915 869 sepuitorem:
980 788 984 796 '
1238 802 1243 809 ·

265 907 281 944 ιι
300 889 469 967 Negatur...
490 887 690 949 ecclesiastica
711 885 864 966 sepultura
878 885 1018 965 paganis,
1034 882 1144 964 judaeis
1161 888 1192 944 et

227 997 240 1029 ιι
261 977 403 1037 omnihus
424 976 613 1048 infidelibus,
640 974 787 1036 haereticis
816 979 976 1035 eteorum
1000 969 1188 1041 fautoribus,

225 1085 240 1118 ιι
259 1066 399 1144 apostatis
416 1067 432 1126 a
456 1065 621 1126 Christiana
639 1063 712 1136 tide,
731 1063 928 1125 schismaticis
948 1069 977 1123 et
994 1061 1123 1144 puhlicis
1143 1078 1191 1122 ex·

226 1175 239 1208 ιι
259 1153 488 1214 communicatis
526 1154 630 1232 majori
662 1151 993 1226 excommunicatione,
1024 1149 1189 1212 interdictis

219 1233 239 1296 ἰι
260 1241 455 1318 nominatim,
469 1247 499 1304 et
521 1241 556 1303 iis
579 1241 631 1323 qui
653 1247 724 1303 sunt
745 1243 777 1302 in
797 1241 863 1302 loeo
882 1239 1052 1316 interdicto,
1067 1256 1105 1300 eo
1129 1237 1189 1302 du·

224 1337 389 1390 oranter
539 1341 544 1348 ’
596 1393 611 1400 ..

262 1447 277 1483 ιι
299 1427 418 1507 seipsos
428 1427 636 1490 occidentibus
646 1427 685 1489 ob
694 1427 936 1508 desperationem
945 1425 991 1488 vel
1001 1423 1188 1488 iracundiam

224 1535 238 1570 a
260 1514 451 1594 (nontamen
467 1517 490 1578 si
510 1533 545 1578 ex
561 1517 677 1578 insania
689 1515 719 1577 id
734 1514 881 1596 aecidat),
898 1515 955 1576 nisi
973 1522 1044 1577 ante
1058 1520 1187 1577 mortem

224 1624 238 1658 ιι
258 1603 703 1686 dederintpoenitentiaesigne3

263 1722 277 1760 ιι
297 1703 518 1765 Morientibus
511 1722 541 1764 m
553 1703 715 1777 duello,t
685 1701 801 1764 etiamsi
823 1705 894 1764 ante
907 1701 1024 1764 obitum
1046 1699 1187 1811 dederint

222 1809 237 1844 ι
257 1791 556 1874 poenitentiaesigna3

261 1909 276 1945 ι
296 1889 459 1952 Manifestis
469 1897 498 1952 et
513 1888 639 1970 publicis
653 1887 860 2007 peecatoribus
872 1907 923 1969 qur
916 1887 1185 1969 'sinepoenitentit

220 1995 234 2027 a
256 1977 431 2054 perierunt3

262 2093 277 2129 ιι
295 2072 334 2133 Iis
345 2073 383 2134 de
398 2074 508 2154 quibus
522 2073 642 2154 publice
656 2079 772 2136 constat
784 2073 867 2154 quod
877 2073 988 2134 semet
980 2091 1011 2134 ru
1025 2091 1107 2136 anno
1122 2092 1183 2137 uon

220 2183 234 2216 r
255 2161 441 2240 susceperint
455 2169 639 2224 sacramenta
655 2161 853 2224 confessionis
867 2169 895 2224 et
912 2163 1139 2226 communionis
1151 2163 1183 2226 in

219 2271 233 2306 ιι
255 2249 385 2324 Pascha,
402 2259 429 2312 et
446 2251 560 2331 absque
575 2251 636 2313 ulio
648 2251 736 2331 signo
750 2251 938 2312 contritionis
948 2251 1108 2324 obierunt3

258 2367 273 2404 ι
292 2344 459 2410 infantibus
472 2350 600 2411 mortuis
613 2349 727 2429 absque
742 2349 906 2429 Baptismo.

257 2465 272 2502 ιι
293 2443 348 2508 Ubi
371 2447 443 2508 verd
471 2445 502 2506 in
526 2446 675 2527 praedietis
697 2445 817 2508 casibus
844 2445 972 2509 dubium
994 2447 1179 2524 occurrerit,

216 2553 230 2591 ιι
252 2533 427 2596 Ordinarius
438 2537 612 2597 consulatur
623 2556 653 2596 a.
669 2534 700 2597 Si
717 2543 837 2617 tempus
848 2553 910 2597 non
926 2537 1037 2598 sineret
1049 2537 1086 2598 ad
1099 2539 1182 2620 Epis·

212 2639 323 2701 copem
338 2641 505 2698 recurrere,
521 2624 699 2704 deneganda
713 2641 774 2685 non
789 2631 866 2686 esset
880 2625 910 2685 in
921 2625 1013 2687 dubio
1027 2626 1180 2706 sepultura

212 2711 428 2789 ecciesiastica,
446 2719 476 2774 et
495 2711 553 2774 hoc
564 2715 648 2792 juxta
663 2713 846 2794 principium
863 2733 870 2773 :
887 2715 918 2774 iu
930 2713 1018 2775 dubio
1031 2715 1098 2776 odie
1110 2725 1181 2777 suut

211 2798 439 2880 restriupendu,
465 2807 494 2862 et
521 2800 560 2861 ob
589 2801 781 2862 incommoda
812 2819 921 2882 magna
945 2820 1033 2883 quae,
1067 2807 1180 2867 nostris

211 2888 374 2966 praesertim
405 2889 612 2970 temporibus,
635 2907 672 2952 ex
695 2889 894 2970 denegatione
917 2891 1081 2970 sepulture·
1104 2893 1177 2956 oriri

211 2975 317 3040 solent.

247 3075 316 3134 715.
341 3075 484 3148 Quaedam
505 3081 605 3137 autem
632 3075 763 3136 nounda
786 3080 857 3136 sunt
882 3075 960 3139 eirca
985 3076 1053 3140 ilios
1078 3080 1177 3144 varios

209 3179 314 3223 casus:

246 3263 279 3320 1⁰
301 3259 439 3324 Haeretici
450 3260 586 3343 privandi
599 3261 832 3342 suntsepuhurh
846 3273 882 3324 eri
894 3282 960 3343 cap
975 3261 1172 3348 Oricumque,

207 3347 447 3427 Behoereticias
440 3369 471 3412 rn
491 3354 533 3413 θ’.
562 3353 641 3412 Inter
665 3349 821 3413 haereticos
845 3353 1037 3415 adnumerari
1061 3354 1174 3419 dehent
1279 3351 1280 3354 ’

206 3453 310 3498 omnes
322 3437 406 3519 impii
421 3439 472 3520 qui
488 3439 605 3521 seriptis
620 3439 812 3516 atheismum,
830 3440 1064 3520 pantheismum,
1080 3450 1173 3508 mato·
1278 3503 1279 3523 ,

205 3525 371 3587 riatismum
399 3527 529 3605 docent,
561 3546 623 3590 uno
653 3527 744 3590 verbo
766 3546 874 3590 omues
902 3531 953 3610 qui
976 3531 1173 3597 christianam
1275 3547 1278 3618 ᾖ

205 3613 414 3678 revelationem
430 3624 551 3698 negant.
1031 3649 1033 3656 ·

241 3719 275 3775 2⁰
296 3715 459 3778 Difficultas
472 3725 517 3778 est
526 3736 564 3778 an
579 3733 634 3797 per
647 3713 783 3796 publicos
797 3715 1075 3780 excommunicatos
1087 3717 1160 3783 inte}

204 3801 253 3884 ligi
272 3806 389 3866 tanthnr
411 3805 542 3868 debeant
558 3805 727 3868 denuntiati
743 3809 775 3868 et
786 3804 903 3867 notorii
913 3805 1089 3868 elericorum
1098 3823 1156 3891 per
