2552 4204
194 243 288 338 33'7'40
307 269 321 281 ”
478 277 630 324 suanense
650 276 732 322 aunis
753 251 901 321 unienter.

197 383 348 450 'iraturalis
364 432 373 459 ,
398 399 460 444 non
481 379 546 442 dari
560 379 591 442 in
606 381 642 442 ca
656 379 830 462 parilitatem
845 375 999 439 materie:
1015 395 1087 440 casu
1108 375 1175 440 rard

196 469 265 554 'nuo
278 479 323 535 est
333 470 452 534 tantum
459 467 537 552 juris
551 464 958 548 ecclesiastici,probabiliter
968 463 1074 527 adesse
1084 469 1177 546 potest

198 558 338 624 lmateriae
359 557 607 642 parvitas‚qnia‚
631 557 753 638 quando
777 573 840 618 non
855 554 1002 636 accipitur
1015 553 1179 635 temporale

198 647 259 729 ‘pro
273 649 370 731 pretio
384 647 427 710 rei
440 645 621 728 spiritualis,
644 645 697 706 sed
711 644 846 726 acceptio
860 645 950 706 vetita
963 649 1008 704 est
1029 641 1068 704 ad
1082 642 1180 705 vitan·

204 737 274 799 dam
289 737 408 800 tanturn
423 735 555 818 speciem
571 735 722 811 simoniae,
746 737 844 816 reipsa
862 752 921 794 non
947 732 980 792 lrt
1004 731 1117 813 iniuria
1138 729 1181 794 rei

199 826 367 906 spirituali,
383 825 436 887 sed
459 821 587 884 violatur
612 825 730 885 tantum
755 829 941 904 praeceptum
965 819 1125 897 Ecclesiae,
1150 819 1183 882 iu

205 934 266 997 quo
280 912 377 997 potest
398 915 575 992 contingere
590 913 719 992 parvitas
735 911 877 974 aratorias.

246 1005 294 1066 An
308 1020 428 1084 semper
443 1019 477 1062 ac
488 1000 576 1060 datur
589 999 755 1081 temporale
767 1018 820 1080 pro
831 997 976 1080 spirituali
988 1045 995 1070 ‚
1009 997 1181 1072 relcontrs.

200 1092 244 1155 'sit
257 1091 406 1154 simonia?
420 1089 494 1150 Vide
508 1088 621 1151 dictum
639 1089 670 1150 in
683 1088 815 1150 Manuali
831 1087 868 1148 nl·
880 1091 970 1158 utar,
987 1093 1045 1150 etc.

246 1179 454 1244 Simoniaeum
467 1183 545 1240 esset
558 1176 630 1238 dare
645 1177 827 1240 beneficium
842 1175 926 1238 alteri
940 1182 1064 1260 propter
1078 1193 1183 1258 preces

206 1270 347 1347 alterius,
362 1270 387 1330 ai
402 1268 475 1330 illud
490 1267 575 1328 fieret
599 1266 637 1328 ad
662 1265 796 1328 favorem
822 1266 990 1328 humanum
1011 1263 1183 1348 adipiscen-

206 1357 296 1433 dum3
310 1375 414 1434 secus,
439 1355 464 1419 si
480 1355 704 1418 dareturetiam
724 1355 867 1436 indigno,
893 1354 977 1417 nullo
1000 1353 1106 1417 habito
1121 1373 1184 1418 res·

208 1454 296 1528 pcctu
310 1446 348 1508 ad
371 1445 463 1508 talem
485 1445 616 1507 savorem
638 1444 890 1523 comparandum.
915 1446 959 1506 lta
984 1445 1017 1507 S.
1046 1443 1183 1524 Lignor„

208 1536 260 1597 tib.
285 1538 317 1614 3,
343 1543 376 1597 n·
391 1539 441 1612 52,
466 1535 518 1616 qni
541 1533 658 1614 adjicit,
681 1540 787 1596 contra
801 1535 942 1606 Lacroix,
966 1531 1050 1614 qudd
1066 1531 1185 1596 adesset

205 1625 336 1686 simonia
364 1624 396 1687 in
419 1622 604 1686 conterendo
636 1622 784 1684 beneficio
806 1622 844 1684 ad
868 1640 900 1684 se
929 1619 1124 1683 liberandum
1148 1621 1186 1683 ab

207 1715 319 1792 injusto
334 1713 467 1776 damnor
484 1713 557 1793 quia
580 1721 658 1774 esset
682 1711 754 1774 dare
768 1711 922 1794 spirituale
946 1727 1002 1792 pro
1024 1709 1186 1792 temporali

207 1804 431 1888 commoditate.
452 1801 664 1866 Contradicere
679 1801 795 1863 videtur
809 1800 962 1872 lteiffenst.
979 1798 1020 1862 ob
1033 1799 1184 1862 rationem

207 1893 290 1975 quod
306 1893 372 1954 talis
386 1909 516 1974 operans
531 1909 592 1952 non
607 1895 675 1971 agat
689 1909 725 1951 ex
741 1898 839 1970 pacto.
1261 1959 1262 1968 ἵ

247 1981 393 2045 Notandae
409 1987 481 2044 sunt
494 1980 545 2042 hic
562 1988 723 2061 sequentes
737 1979 958 2062 propositiones
971 1978 1010 2042 ab
1022 1979 1184 2041 innocent.

208 2075 247 2135 Xl
259 2071 409 2132 damnata
424 2089 432 2130 z
447 2087 570 2151 propos.
586 2073 647 2132 452
666 2071 773 2132 «Dare
788 2067 954 2150 temporale
967 2085 1023 2149 pro
1035 2066 1185 2148 spirituali

212 2179 228 2220 ι
248 2178 310 2222 non
325 2166 371 2222 cst
384 2159 531 2230 simonia,
546 2159 671 2241 quando
681 2159 846 2241 temporale
860 2175 921 2219 non
935 2155 1023 2219 datur
1037 2163 1186 2239 tanquam

212 2271 227 2308 a
248 2249 379 2329 pretium
395 2249 447 2310 sed
465 2248 612 2310 duntaxat
626 2257 770 2330 tanquam
785 2249 931 2310 motivum
946 2244 1128 2308 conferendi
1140 2246 1185 2309 vel

213 2359 227 2399 ι
247 2338 394 2401 efficiendi
411 2337 581 2419 spirituale;
597 2337 642 2400 vel
657 2339 749 2400 etiam
764 2337 887 2420 quando
902 2334 1071 2418 temporale
1084 2335 1125 2398 sit
1141 2353 1186 2398 so

212 2447 228 2488 a
247 2427 311 2490 liam
328 2429 455 2508 gratuita
474 2428 680 2509 compensatio
701 2447 758 2510 pro
778 2425 941 2507 spirituali,
957 2429 1011 2488 aut
1030 2431 1184 2490 contra.»

209 2518 377 2599 Propositio
393 2521 432 2580 to
447 2537 456 2578 ε
475 2519 541 2578 «Et
560 2516 590 2578 id
602 2536 725 2598 quoque
737 2517 839 2578 locum
852 2515 957 2594 habet,
972 2514 1092 2577 etiamsi
1104 2520 1185 2578 tem·

212 2607 350 2688 eporale
373 2607 411 2668 sit
434 2607 600 2687 principale
623 2607 769 2668 motivum
791 2605 883 2666 dandi
907 2603 1076 2686 spirituale;
1100 2603 1184 2680 ime,

213 2716 229 2754 a
249 2695 364 2756 etiamsi
380 2696 418 2756 sit
432 2694 501 2756 linis
514 2695 608 2777 ipsius
623 2695 665 2757 rei
680 2693 860 2777 spiritualis,
882 2695 927 2757 sic
944 2691 1066 2756 utillud
1089 2692 1187 2776 pluria

213 2806 227 2842 ι
249 2785 413 2845 aestimetur
427 2786 520 2865 quam
535 2803 583 2846 res
596 2785 799 2866 spiritualis.»

249 2874 354 2934 lleritd
380 2873 530 2936 danrnatae
553 2873 638 2935 fuere
661 2873 812 2953 praedictae
845 2869 1087 2952 propositioncs3
1114 2888 1185 2935 nam

208 2965 346 3044 quamvis
362 2963 402 3022 ibi
418 2962 536 3024 dicatur
550 2961 589 3022 ob
607 2967 770 3039 motivum,
786 2979 848 3022 non
863 2961 934 3022 verd
955 2967 1103 3042 tanquam
1118 2978 1185 3043 pre·

208 3051 299 3126 tium,
314 3057 344 3112 et
367 3067 429 3111 non
452 3049 489 3110 sit
508 3049 637 3111 simonia
659 3050 710 3112 ubi
735 3069 795 3111 nen
815 3049 975 3111 intervenit
991 3049 1129 3112 venditio
1143 3049 1186 3111 rei

209 3137 390 3220 spiritualis,
415 3142 547 3198 attamen
571 3139 694 3221 quando
713 3157 761 3200 res
780 3141 863 3200 mere
882 3137 1054 3220 spirituales
1075 3139 1187 3201 dantur

210 3225 413 3308 principaliter
427 3234 550 3307 propter
565 3229 746 3308 temporales
761 3228 889 3306 alicujus
913 3227 1016 3308 magni
1037 3226 1186 3290 momenti

210 3314 310 3396 (secus
324 3314 348 3375 si
365 3315 473 3397 parvi),
489 3315 609 3378 difficile
625 3317 736 3378 dantur
751 3317 878 3378 omnind
893 3316 997 3398 gratis,
1008 3316 1062 3378 sed
1075 3316 1191 3399 praticd

209 3402 382 3485 praebentur
395 3421 467 3465 cum
486 3414 574 3486 pacto
600 3405 745 3485 implicito
765 3405 943 3487 imponendi
967 3405 1053 3468 alteri
1077 3423 1187 3470 novam

209 3491 439 3572 obligationem,
457 3495 543 3556 etsie
558 3493 705 3555 motivum
717 3495 901 3556 convertitur
914 3493 945 3554 in
960 3494 1107 3575 pretium.

219 3595 225 3604 ·
249 3584 318 3644 878.
341 3581 464 3653 Quaerit.
483 3586 514 3642 l·
539 3585 585 3643 An
600 3583 638 3644 sit
661 3583 862 3645 simoniacum
878 3582 1032 3645 celebrare
1056 3584 1185 3661 missas,

120 3687 125 3692 ·
209 3668 419 3733 administrare
434 3678 636 3748 sacramenta,
661 3671 799 3734 assistere
824 3671 934 3751 choro,
949 3671 1142 3752 concionari,
1157 3679 1187 3736 el

213 3757 1186 3844 stantiaperagere‚princrpnner0bemolumentatempo-uiat
