2604 4196
473 317 560 362 muna
581 318 739 366 sucunnus.
1041 316 1098 374 tat

122 443 138 480 a
159 422 284 483 vitando
298 421 412 486 damno
428 425 604 496 communi,
621 433 653 487 ut
667 427 766 488 evenit
779 429 810 490 in
827 433 967 512 praescnti
982 452 1064 496 cusu.
1081 457 1095 494 n

156 515 227 574 693.
254 510 302 572 bd
315 511 558 574 denuntiandum
576 513 667 575 etiam
686 521 804 578 tenetur
819 518 868 582 ille
888 522 941 602 qui
955 521 1097 585 sollicita·

114 599 233 662 tionem
248 601 355 682 nequit
367 600 496 678 juridice
513 602 652 682 probare,
666 602 751 682 juxta
766 610 1001 689 propositionem
1016 615 1050 687 5,
1063 612 1101 673 ab

118 689 295 751 alexandro
317 692 369 750 Vll
390 690 606 770 proscriptam,
632 711 700 773 quae
718 692 761 754 sic
780 694 891 759 habet:
919 721 934 758 u
959 699 1100 772 Quamvis

118 802 134 834 o
156 777 315 840 evidenter
336 778 388 840 tibi
409 786 526 840 constet
546 781 668 842 Petrum
689 799 755 844 esse
778 782 1043 864 haereticum,non
1059 795 1100 851 te·

117 890 133 924 a
159 868 243 929 neris
256 867 439 929 denuntiare
453 868 477 928 si
493 867 623 949 probare
639 888 700 931 non
717 873 824 951 possis.
841 895 856 931 a

157 954 235 1017 llem
258 962 303 1017 est
327 955 470 1037 obligatio
495 956 695 1020 denuntiandi
716 959 947 1038 sollicitantem,
971 963 1099 1025 etsi-cri·

114 1061 189 1105 men
218 1046 257 1106 sit
282 1045 456 1122 occultum,
482 1045 616 1124 alioquin
637 1055 822 1128 praeoeptum
843 1049 1044 1113 denuntiandi
1066 1052 1098 1114 in

115 1137 261 1214 prasenti
275 1153 349 1196 casu
365 1135 469 1196 inutile
483 1136 637 1211 evaderet,
651 1142 686 1197 ut
696 1144 786 1216 patet.
993 1145 996 1150 '

157 1228 228 1285 tet.
254 1227 322 1284 Nou
337 1224 434 1284 solinu
450 1222 487 1284 ad
502 1224 599 1304 turpia
614 1224 788 1286 sollicitatus
802 1233 921 1288 tenetur
935 1227 972 1288 ad
985 1228 1086 1290 dennn

116 1312 275 1390 tiendum,
292 1311 452 1373 sedetiam
475 1312 661 1393 quicumque
679 1314 799 1376 aliunde
815 1318 870 1376 scit
884 1319 968 1378 certo
987 1318 1091 1380 sollici·

116 1401 286 1478 tationem,
313 1401 366 1462 etsi
387 1400 526 1482 impubes
553 1401 609 1478 sit,
636 1403 728 1462 modb
748 1403 822 1463 sciat
839 1405 974 1481 crimen,
997 1424 1060 1466 non
1082 1408 1098 1467 it

118 1490 258 1570 personis
273 1489 381 1571 parum
402 1489 460 1551 fide
476 1488 593 1569 dignis,
619 1498 691 1570 puta
712 1491 833 1552 feminis
852 1492 982 1570 levibus3
999 1501 1027 1555 et
1040 1494 1098 1557 hoo

113 1579 265 1658 quidem,
296 1597 356 1640 non
386 1579 413 1640 vi
441 1579 697 1642 constitutionum
722 1580 958 1660 praedictarum,
986 1583 1097 1646 sodex

117 1667 226 1730 Edicto
241 1667 470 1748 Inquisitionis,
486 1685 617 1747 quorum
631 1668 723 1730 verba
746 1671 763 1730 a
777 1672 808 1730 S.
825 1669 948 1750 Liguor.
965 1670 1093 1733 referun·

116 1762 165 1818 tur
179 1757 243 1833 (lib.
261 1761 292 1830 6,
310 1765 343 1818 n⁰
358 1760 428 1830 680,
445 1758 477 1816 iu
491 1756 575 1837 fine).
687 1778 690 1784 ·

156 1847 299 1908 Diximus
314 1846 508 1928 regulariter,
520 1845 593 1926 quia
608 1851 679 1906 sunt
691 1863 779 1918 casus
791 1845 972 1926 excipiendi,
989 1865 1091 1930 nempe

115 1953 143 1994 r.
164 1953 210 2014 g.,
231 1935 256 1996 si
279 1934 447 1996 sollicitatio
469 1933 560 1996 luerit
578 1932 766 1995 manifestata
787 1933 1007 2016 adpetendum
1026 1955 1088 1998 con·

116 2023 243 2086 silium:
270 2025 341 2105 quia
367 2023 484 2086 bonum
507 2040 670 2086 commune
693 2023 784 2104 exigit
804 2031 878 2086 tunc
895 2031 927 2087 ut
946 2032 1087 2088 secretun

118 2120 266 2175 servetur.

156 2202 187 2263 Si
201 2203 273 2264 rem
294 2202 351 2266 sub
363 2210 479 2266 secreto
492 2203 611 2264 tantum
626 2202 755 2265 naturali
773 2202 881 2284 aliquis
904 2202 994 2266 sciret
1016 2204 1094 2265 solli-

109 2291 311 2368 citationem,
327 2294 408 2355 recte
424 2298 529 2354 tenent
543 2291 650 2352 Palaus
664 2297 693 2353 et
710 2291 778 2366 alii,
795 2297 899 2352 contra
918 2293 1092 2371 nonnullos,

110 2398 180 2442 esse
200 2387 275 2443 tunc
298 2380 514 2462 obligationem
535 2379 757 2456 denuntiandi,
778 2379 849 2461 quia
870 2397 961 2442 nemo
975 2386 1094 2444 tenetur

115 2469 151 2529 ad
171 2475 342 2548 secretum,
358 2469 449 2530 etiam
467 2487 538 2531 cum
555 2470 728 2548 juramento
747 2467 948 2550 promissum,
971 2470 1093 2550 quando

111 2559 208 2639 uergit
223 2559 255 2619 in
270 2558 418 2620 damnum
431 2576 606 2620 commune.

152 2652 225 2710 695.
249 2647 281 2709 Si
301 2653 402 2709 autem
423 2653 502 2709 essct
522 2646 774 2728 impedimentum
796 2647 834 2710 ad
857 2647 957 2708 statim
978 2646 1092 2710 denun-

110 2737 268 2811 tiandum,
284 2755 313 2798 v.
335 2756 377 2816 g,
395 2737 419 2798 si
435 2735 564 2797 ministri
583 2735 754 2798 Tribunalis
769 2736 859 2819 longe
873 2735 1035 2813 distarent,
1046 2738 1089 2800 vel

109 2825 137 2887 si
146 2833 226 2888 esset
238 2828 401 2888 necessitas
415 2825 673 2895 communicandi,
687 2825 724 2886 ad
736 2826 891 2887 vitandum
901 2825 1086 2903 scandalum,

113 2914 213 2976 autad
230 2913 406 2974 lucrandam
419 2909 640 2991 indulgentiam
653 2957 661 2985 ,
675 2909 737 2971 dari
754 2918 854 2990 posset
869 2911 899 2970 in
916 2908 1090 2972 bisoasibus

113 3002 277 3076 absolutio,
299 3001 390 3063 modo
407 3001 556 3083 poenitens
571 3006 692 3079 paratus
707 3005 783 3060 esset
803 2997 840 3060 ad
861 2996 1088 3079 quamprimum

105 3091 373 3169 denuntiandum,
390 3095 480 3171 prout
492 3089 603 3152 dicitur
620 3091 651 3150 in
666 3086 837 3169 supradicta
856 3087 957 3148 Const.
975 3085 1086 3149 Socru-

111 3190 250 3244 ruentum.

149 3273 216 3332 Non
241 3275 343 3331 autem
366 3273 525 3330 excusatur
546 3267 697 3348 poenitens
717 3267 734 3328 a
758 3265 895 3328 faciendi
922 3265 1085 3330 denuntia.

111 3357 248 3432 tione,ob
260 3359 400 3419 timorem
413 3375 451 3418 nc
466 3357 600 3418 incurrat
614 3355 852 3436 indignationem
864 3361 893 3417 et
904 3354 1084 3437 increpatio-

113 3465 178 3508 nem
191 3447 375 3509 denuntiati.

146 3540 214 3600 696.
239 3537 270 3599 Si
298 3536 485 3616 superiorem
506 3536 589 3598 adire
611 3541 766 3614 nequeat,
791 3551 853 3595 non
878 3533 946 3596 ideo
973 3533 1082 3595 mulier

104 3625 261 3688 sollicitata
283 3624 430 3686 immunis
453 3631 497 3687 est
517 3625 555 3686 ab
580 3622 761 3703 obligatione
782 3622 980 3684 denuntiandi
999 3642 1007 3698 ;
1030 3623 1081 3682 sed

109 3715 204 3777 serius
215 3714 309 3776 debet
320 3711 580 3776 denuntiationem
595 3712 708 3787 lacere,
726 3711 816 3772 etiam
835 3729 889 3792 per
904 3711 1078 3792 epistolam,

103 3805 148 3867 ¹rel
163 3819 327 3886 personam
342 3803 472 3865 mediam
490 3823 497 3864 τ
517 3803 588 3872 quia
603 3801 655 3882 qui
670 3806 790 3863 tenetur
803 3800 840 3861 ad
856 3799 947 3861 finem
962 3803 1087 3858 tenetur·
