2604 4196
485 315 571 362 arara
594 285 761 368 sacuunus.¹
1047 313 1106 372 539

123 413 223 477 riores
245 415 431 497 regularium
457 420 587 500 pertinet
609 421 712 502 vigore
741 419 903 504 apostolici
934 387 1104 504 privilegii:

26 551 29 594 3
122 502 203 565 ratio
226 503 384 568 dubitandi
410 513 455 570 est
478 508 560 589 qudd
583 508 675 587 hujus
699 512 820 589 generis
842 508 1105 573 confraternitates

26 595 27 610 ¹
121 591 186 653 sint
204 593 343 656 membra
360 593 555 658 ecelesiarum
578 597 608 658 in
627 595 739 678 quibus
758 595 881 660 fuerunt
899 605 1024 673 erectae3
1040 618 1097 660 sen-

25 699 26 702 *
121 680 250 742 tentiam
264 687 456 764 negantemt
473 686 505 747 S.
523 685 682 749 auditorio
695 686 894 769 amplexatam
910 685 1001 749 fuisse
1015 688 1105 750 refert

120 768 261 832 Ferraris
273 771 339 849 (it,
357 779 412 833 art.
430 778 459 848 1,
474 773 513 834 n¹⁸
525 777 575 850 39,
591 775 711 857 56-60).
735 777 797 836 «ln
812 793 883 836 casu
898 776 969 837 verd
983 778 1105 856 permis

124 879 141 916 a
163 875 206 921 sae
226 860 432 924 translationis
446 863 705 926 confraternitatis
719 864 757 926 de
771 865 834 926 und
847 863 884 924 ad
900 863 989 924 aliam
1003 866 1102 928 ecele-

125 968 141 1006 ι
162 947 242 1010 siam
255 948 458 1031 ,intelligitur
475 971 599 1033 quoque
613 953 759 1033 permissa
778 952 934 1014 translatio
952 952 1104 1015 bonorum

124 1058 141 1094 ι
162 1035 202 1097 ad
223 1037 344 1100 easdem
360 1039 625 1102 confraternitates
643 1041 889 1123 spectantium.»
910 1039 1017 1117 (told,
1037 1042 1103 1123 61.)

168 1147 184 1186 a
207 1127 253 1187 ad
269 1129 557 1211 processionesque.
571 1129 648 1192 fiunt
663 1130 821 1192 occasione
835 1129 962 1205 funeris,
975 1129 1101 1192 Confra-

124 1237 143 1272 (ι
162 1215 321 1277 ternitates
340 1217 483 1280 accedere
505 1237 567 1281 non
592 1226 733 1300 possunt,
758 1218 814 1280 nisi
835 1218 1003 1280 invitata...
1032 1238 1039 1278 :
1064 1218 1101 1280 ita
1148 1252 1151 1257 ·

125 1325 141 1362 a
162 1303 279 1386 pluries
298 1305 459 1368 declaravit
480 1309 510 1369 S.
530 1309 562 1370 c.
584 1309 729 1388 Episc...;
748 1307 870 1369 —etsi
886 1307 1101 1385 invitataesint,

124 1414 142 1451 c
163 1391 311 1455 cadavera
323 1393 440 1457 deferre
455 1413 515 1457 non
535 1405 662 1477 possunt
676 1396 714 1458 ad
734 1396 936 1478 sepulturam,
952 1396 1009 1456 nisi
1024 1413 1102 1458 con·

124 1505 139 1539 a
162 1482 296 1544 sentiant
310 1483 456 1546 haeredes.
475 1507 490 1543 a

163 1574 190 1632 A
205 1571 341 1635 Parocho
356 1573 438 1634 nulla
453 1573 687 1636 confraternitas
703 1573 843 1655 impediri
858 1573 948 1634 dehet
962 1592 1001 1634 ne
1015 1592 1102 1636 accc·

118 1661 173 1724 dat
186 1661 226 1722 ad
242 1660 359 1737 funera,
373 1662 464 1724 modd
476 1663 541 1724 sind
550 1663 666 1742 jurium
681 1661 900 1744 parochialium
913 1661 1099 1743 praejudicto.

119 1752 153 1814 S.
170 1751 206 1812 c.
220 1750 336 1830 Episc.‚
351 1754 389 1812 26
403 1769 473 1831 aug.
491 1755 580 1814 1616.

162 1838 399 1902 Confraternitas
410 1843 507 1920 potest
518 1857 588 1900 suas
598 1838 709 1900 hahere
724 1839 972 1920 congregationes
987 1837 1102 1918 absque

121 1929 245 1994 licentia
267 1934 296 1989 et
323 1928 529 1990 interessentiit
553 1927 675 2008 parochi
695 1927 739 2010 (S.
763 1929 795 1991 c.
821 1928 928 2003 conc,
955 1931 995 1988 at
1023 1935 1099 2006 sept.

123 2017 230 2099 1718).
243 2016 340 2080 Debet
352 2021 453 2078 tamen
467 2016 618 2098 parochus
633 2016 749 2078 invitari
764 2021 798 2078 ut
812 2017 913 2096 praesil
928 2032 1101 2094 congrega-

120 2106 257 2172 tionibus
278 2104 422 2170 faciendis
440 2108 501 2168 tam
521 2107 550 2166 in
572 2105 857 2167 imbuasolationitas
875 2112 905 2166 et
919 2104 1101 2166 extractione

121 2196 261 2277 priorum
275 2200 306 2257 et
317 2194 488 2258 officialium
503 2197 596 2276 quam
611 2195 642 2255 in
658 2195 826 2258 redditione
840 2194 1004 2256 rationum.
1017 2194 1049 2255 S.
1066 2193 1099 2255 c.

121 2285 230 2361 conc,
249 2288 286 2346 tt
303 2290 392 2346 mart.
409 2287 497 2346 1728.

164 2376 208 2436 lle
231 2373 428 2436 relationibus
447 2372 731 2434 confraternitatum
750 2391 823 2453 erga
842 2371 1011 2452 parochos,
1034 2372 1101 2436 vida

121 2463 266 2528 Manuale
278 2465 447 2542 (ota-620).
464 2495 504 2508 -
515 2463 558 2522 De
573 2461 783 2542 praecedentia,
800 2461 867 2522 ride
881 2461 921 2521 lt.
940 2465 1009 2522 638.

163 2555 198 2616 ln
213 2552 307 2614 callia
321 2549 584 2613 Confraternitales
598 2569 660 2612 non
676 2557 882 2631 agnoscuntur
898 2552 914 2609 a
928 2549 992 2630 lege
1005 2549 1099 2610 civili:

121 2641 250 2708 civiliter
264 2658 338 2720 ergo
352 2639 425 2700 nihil
441 2639 577 2720 accipere
589 2647 640 2702 aut
655 2638 807 2719 possidere
817 2637 928 2714 valent,
947 2637 1000 2700 sed
1013 2638 1100 2718 quid-

122 2732 198 2814 quid
213 2730 272 2792 illis
293 2730 382 2792 datur
396 2729 433 2790 ad
447 2728 592 2790 fabricam
607 2727 741 2790 ecclesiae
761 2727 940 2808 paroehialis
958 2727 1099 2807 pertinet.

164 2823 206 2882 lla
220 2819 311 2884 variis
322 2818 657 2880 cnnfraternilatibuset
672 2816 921 2893 Indulgentiiseis
936 2823 1099 2893 concessis,

122 2910 189 2974 ride
205 2911 287 2974 varia
302 2926 393 2990 opera
406 2926 474 2990 quae
488 2907 526 2968 de
541 2907 587 2968 his
599 2905 759 2988 specialitus
772 2911 918 2968 tractant.
