2552 4204
484 297 571 345 tinen
592 295 723 343 marrus.
1037 279 1095 340 tu

116 426 131 462 r
153 399 287 464 subinde
311 399 458 480 plurium)
483 403 656 472 certamen,
681 393 765 476 quod
790 413 826 458 ex
849 396 1010 476 condicto,
1032 415 1096 460 uno

115 515 131 551 c
151 490 275 552 dicente
290 495 319 550 et
337 487 430 550 altero
445 491 637 567 acceptante,
651 484 826 564 suscipitur.
841 507 856 544 s

151 581 222 640 Non
238 577 307 639 licet
320 575 475 656 suscipere
494 573 631 634 duellum
646 570 737 631 etiam
757 567 862 632 fictum
880 572 917 633 ad
941 573 1095 640 vitandam

112 667 289 742 infamiam3
307 683 364 727 neo
378 664 469 726 etiam
484 661 614 724 ducibus
633 659 704 721 licet
718 659 890 740 permittere
905 661 1005 725 duella
1021 666 1097 730 mili·

112 756 212 830 tibus,
228 755 318 817 etiam
335 772 405 816 cum
420 751 556 814 hostibus
571 751 608 812 ad
622 749 827 812 ostensionem
842 750 961 814 virium.

154 845 304 907 Notandae
316 851 389 906 sunt
401 843 450 904 hic
464 839 687 922 propositiones
701 839 719 900 b
734 838 846 902 Bened.
863 843 930 902 xtv
945 841 1096 908 damnatae

113 955 185 1018 quae
202 935 246 997 sic
260 933 394 996 hahent:

157 1047 172 1084 o
194 1027 218 1086 1.
235 1024 289 1084 Vir
303 1021 458 1096 militaris,
476 1021 548 1101 qui,
565 1019 622 1081 nisi
638 1017 744 1080 offerat
764 1023 795 1080 et
813 1027 947 1102 acceptet
961 1021 1098 1088 duettum

115 1139 131 1173 (ι
153 1120 302 1193 tanquam
326 1110 559 1190 formidolosuS,
583 1107 727 1184 timidus,
746 1107 880 1186 abjectus
899 1117 928 1171 et
949 1111 985 1171 ad
1001 1113 1099 1176 citicia

115 1227 131 1259 α
154 1201 295 1263 militaria
309 1201 431 1280 ineptus
441 1199 614 1274 haberetur,
630 1197 761 1278 indeque
774 1199 889 1272 obicio,
902 1219 964 1281 quo
974 1220 1005 1262 se
1016 1220 1098 1264 suos·

118 1317 132 1346 r
155 1310 217 1372 que
242 1295 405 1364 sustentat,
434 1290 620 1370 privaretur,
644 1287 689 1348 vel
715 1288 914 1367 promotionis
940 1291 1013 1352 artibs
1038 1290 1095 1352 sibi

117 1405 130 1436 a
154 1379 267 1440 debitae
282 1397 317 1440 ao
331 1378 503 1459 promeritae
518 1395 571 1459 spe
581 1375 729 1457 perpetuo
743 1395 845 1438 carere
859 1378 993 1455 deberet,
1007 1381 1098 1462 culpt

121 1493 135 1527 a.
159 1473 189 1530 et
205 1468 295 1548 poenb
308 1475 444 1539 vacaret,
458 1467 520 1529 sive
535 1467 641 1528 offerat
655 1466 717 1527 sive
733 1474 869 1547 acceptet
887 1467 1035 1532 duellum.

165 1579 180 1616 n
200 1559 237 1618 ll.
257 1557 401 1618 Excusari
422 1563 567 1638 possunt,
583 1555 673 1616 etiam
688 1553 812 1615 honoris
832 1555 954 1632 tuendi,
979 1559 1024 1619 val
1039 1558 1098 1621 hu·

117 1672 131 1706 o
155 1663 254 1707 manae
267 1645 473 1725 vitipensionis
484 1644 612 1708 vitandae
623 1644 727 1723 gratia,
742 1643 877 1704 duellum
890 1653 1094 1728 acceptantes,

118 1761 132 1796 ι
156 1735 202 1798 vel
226 1733 264 1796 ad
290 1734 364 1796 illud
379 1741 588 1814 provocantes
606 1732 729 1813 quando
743 1734 825 1794 certb
845 1733 943 1794 sciunt
958 1755 1094 1816 pugnam

119 1852 132 1883 n
159 1843 220 1887 non
236 1843 302 1885 esse
316 1833 500 1902 secuturam,
516 1831 620 1905 utpote
634 1821 672 1884 ab
685 1823 750 1884 aliis
775 1822 1011 1903 impediendam.

159 1917 243 1974 «ΙΙΙ.
267 1916 334 1975 Non
353 1914 479 1975 incurrit
502 1912 717 1975 ecclesiasticas
743 1931 848 1992 poenas
877 1921 980 1975 contra
1008 1914 1093 1978 duel·

120 2032 134 2063 n
162 2005 258 2066 lantes
272 2003 356 2079 latas,
370 2003 432 2064 dux
446 2004 491 2065 vet
507 2003 642 2065 officialis
657 2002 771 2064 militiae
785 1998 946 2084 acceptans
960 2003 1097 2070 duellum

121 2119 139 2159 a,
161 2093 296 2173 engrati
321 2098 405 2154 metu
427 2093 598 2154 amissionis
613 2093 718 2166 ternae,
734 2093 778 2154 vet
795 2093 895 2155 oflicii.

164 2207 179 2246 n
200 2185 250 2244 IV.
274 2182 401 2244 Licitum
417 2189 461 2243 est
486 2182 517 2242 in
534 2189 610 2244 statu
636 2181 768 2244 hominis
783 2183 911 2244 naturali
941 2191 1097 2266 acceptare
1177 2245 1190 2264 x

119 2299 134 2334 a
158 2281 188 2336 et
202 2273 309 2336 offerre
323 2271 459 2333 duellum
473 2271 511 2332 ad
532 2271 692 2334 servandas
706 2291 779 2334 oum
804 2272 919 2335 honore
939 2275 1095 2351 fortunas,

119 2386 134 2420 a
156 2363 282 2445 quando
294 2361 352 2424 aiio
368 2360 503 2423 remedio
518 2379 624 2424 eorum
637 2363 938 2443 jacturapropulsari
957 2367 1075 2444 nequit.

159 2477 174 2512 c
198 2456 233 2517 V.
258 2455 377 2512 Asserta
393 2451 512 2512 licentia
529 2469 582 2531 pro
598 2459 674 2511 statu
688 2452 832 2528 naturali,
850 2453 992 2532 applicari
1006 2456 1098 2517 etiam

120 2567 135 2600 a
159 2547 259 2624 potest
276 2539 363 2602 statui
378 2539 504 2600 civitatis
529 2539 609 2600 mate
624 2539 780 2610 ordinatae,
799 2540 830 2599 in
846 2545 906 2619 qut
933 2542 1095 2619 nimirum,
1179 2609 1180 2613 ,

118 2657 133 2690 <t
157 2631 203 2692 vel
220 2629 405 2710 negligentia
421 2629 467 2690 vel
502 2628 616 2688 matitia
644 2629 972 2708 ntagistrattis,justitia
996 2633 1097 2714 aperte

118 2747 132 2778 a
156 2721 336 2799 denegatur.
360 2741 374 2776 a

156 2810 282 2871 Videtur
298 2815 399 2869 tamen
415 2805 499 2889 qubd
512 2805 647 2866 duellum
662 2807 756 2886 possit
772 2809 920 2887 acceptari
936 2809 982 2869 vel
997 2809 1098 2872 offerri

114 2900 153 2962 ad
180 2898 283 2959 hostes
306 2894 519 2973 debilitandos,
536 2894 583 2956 vel
603 2894 640 2955 ad
657 2896 885 2957 terminandum
901 2896 1011 2958 beilum
1025 2917 1102 2978 cum'¹

114 2989 230 3052 minori
242 2986 367 3048 damno

155 3081 229 3143 915.
255 3077 354 3136 Poenae
368 3079 476 3135 autem
499 3073 597 3134 duello
613 3074 760 3154 impositae
775 3082 835 3135 tres
849 3083 920 3136 sunt
935 3095 970 3137 ex
981 3079 1095 3142 Concit.

113 3167 251 3231 Trident.
279 3165 366 3244 (sess.
379 3167 429 3236 att,
458 3180 486 3222 c.
506 3163 555 3240 ta)
574 3181 581 3222 :
597 3166 628 3222 t⁰
642 3163 914 3224 excommunicatio
941 3166 1005 3244 ipso
1021 3167 1096 3231 tacto

114 3253 302 3321 incurrenda
315 3260 346 3312 et
360 3255 392 3314 S.
407 3249 546 3312 Pontifici
561 3260 720 3326 reservata,
730 3271 823 3333 cuam
833 3253 922 3312 etiam
939 3253 1096 3320 incurrunt

113 3345 239 3429 patrini,
261 3341 456 3404 consulentes
485 3339 576 3400 modo
604 3341 730 3415 etiicaoi,
747 3343 878 3400 savorem
910 3345 1095 3424 praebentes,

113 3433 232 3498 domini
245 3433 346 3492 iocum
362 3437 555 3510 praestantes3
575 3429 694 3509 ipsimet
710 3437 878 3510 spectantes
894 3434 918 3493 si
935 3435 972 3494 de
989 3432 1096 3498 indus-

112 3525 170 3588 tria
196 3527 334 3605 spectent
358 3527 387 3580 et
415 3521 469 3580 suat
495 3519 654 3600 praesentiat
677 3519 905 3598 qtrodammotto
929 3524 1098 3587 duettantes

112 3615 286 3697 approbent
309 3615 338 3670 et
353 3608 509 3684 animent;
538 3625 600 3668 non
616 3609 684 3668 verb
708 3609 732 3668 si
755 3611 870 3669 tantum
885 3611 982 3672 obiter
997 3624 1096 3675 trans-

113 3703 218 3768 eundo
234 3699 274 3761 ibi
291 3698 501 3778 reperiantur;
521 3699 554 3757 2⁰
570 3697 746 3778 proscriptio
771 3717 910 3759 omniurn
928 3700 1095 3780 bonorum,

115 3810 186 3855 curn
214 3788 359 3870 perpetue
382 3784 507 3847 infamia
529 3805 536 3846 :
560 3784 624 3847 baec
652 3797 753 3849 tamen
781 3806 870 3868 poena
889 3805 951 3848 non
980 3789 1097 3850 videtur
