2590 4208
424 538 770 646 uous'rrrurro

232 838 689 946 APOSTOLICAE
750 842 966 952 suuis.

447 1091 761 1130 --ηφῳ--

391 1299 505 1368 PIUS
540 1301 821 1372 EPISCOPUS

331 1561 495 1610 SERVUS
529 1563 764 1612 SERVORUM
801 1567 876 1614 unt

222 1733 282 1796 AD
317 1730 588 1796 Pueruruutt
622 1731 698 1794 REI
731 1733 989 1802 ΜΕΜΟΒΙΑΜ.

168 2119 354 2204 Apostolicae
367 2117 456 2182 Sedis
471 2115 680 2182 moderationi
699 2121 859 2197 convenit,
875 2139 945 2203 quea
960 2121 1097 2187 salubri·

125 2223 175 2280 ter
198 2219 338 2274 veterum
364 2225 524 2271 canonum
547 2207 730 2270 auctoritate
753 2211 921 2274 constituta
942 2221 1034 2292 suut,
1054 2214 1099 2280 aio

128 2303 276 2374 retinere,
291 2307 347 2373 ut,
364 2297 390 2360 si
405 2307 583 2379 temporum
599 2316 765 2380 rerumque
787 2302 920 2364 mutatio
935 2303 1100 2386 quidpiam

128 2411 198 2458 esse
212 2387 452 2470 temperandum
467 2386 615 2468 prudenti
631 2386 864 2468 dispensatione
878 2389 1024 2465 suadeat,
1043 2410 1099 2454 ea-

130 2482 204 2547 dem
218 2476 396 2560 Apostolica
412 2474 508 2538 Sedes
521 2493 699 2554 congruum
713 2494 868 2558 supreme
883 2496 947 2541 suae
962 2486 1100 2560 potesta-

131 2572 172 2636 tis
185 2557 360 2632 remedium
383 2583 420 2628 ac
443 2562 674 2646 providentiam
697 2563 870 2647 impendat.
892 2565 1103 2641 Quamobrem

133 2677 207 2726 cum
224 2657 331 2719 auimo
345 2660 454 2717 nostro
466 2651 657 2736 jampridem
672 2653 903 2718 revolveremus
918 2657 1104 2722 ecclesiasti·

134 2767 187 2815 cas
203 2762 369 2820 censuras,
386 2761 457 2824 quae
472 2759 527 2824 por
542 2739 673 2806 modum
694 2741 765 2806 latae
780 2745 958 2822 sententiae,
973 2747 1104 2830 ipsoque

135 2837 219 2902 iacto
232 2833 448 2906 incorr-ende,
464 2832 502 2893 ad
518 2829 765 2894 incolumitatem
781 2851 817 2894 ac
839 2833 1038 2916 disciplinam
1054 2839 1106 2922 ip·

136 2929 202 2991 sius
220 2923 366 2987 Ecclesiae
387 2920 572 2996 tutandam,
597 2919 811 3003 effrenemqne
824 2921 1043 3006 improborum
1065 2927 1106 2992 li·

136 3015 273 3081 centiam
288 3009 494 3075 coercendam
506 3015 536 3072 et
550 3008 793 3085 emendandam,
810 3022 915 3075 sancte
930 3033 986 3096 per
1000 3016 1105 3098 singu-

137 3108 185 3170 las
200 3110 304 3166 aetetes
327 3099 463 3162 inducto
483 3116 518 3160 ac
542 3099 749 3180 promulgatae
772 3109 867 3174 sunt,
891 3121 1043 3182 maguum
1067 3105 1107 3168 ad

139 3208 309 3258 numerum
325 3188 441 3250 sensim
457 3187 628 3250 excrevisse
633 3208 643 3264 3
665 3189 819 3269 quasdam
832 3190 938 3265 etiam,
955 3195 1108 3275 tempori-

140 3286 198 3347 bus
218 3277 423 3358 moribusque
438 3275 590 3350 mutatis,
616 3277 821 3359 afineatque
844 3280 944 3342 causis
966 3281 1008 3344 ob
1029 3303 1110 3365 quas

141 3369 296 3450 impositae
310 3367 444 3442 fueraut,
461 3363 508 3426 vet
525 3385 543 3426 a
558 3365 690 3446 pristina
704 3366 836 3428 utilitate
851 3375 945 3449 atque
959 3381 1094 3453 opportu

142 3463 239 3526 nitate
251 3457 402 3520 excidisse
417 3475 424 3528 ;
440 3453 625 3535 eamqueob
636 3472 700 3516 rem
716 3473 780 3517 nou
798 3455 1010 3539 infrequentes
1023 3462 1111 3537 oriri,

143 3551 208 3614 sive
222 3548 256 3610 in
270 3547 308 3608 iis
323 3543 438 3625 renibus
457 3543 635 3605 animarum
658 3561 734 3604 cura
748 3547 915 3609 commissa
931 3556 986 3622 est,
1003 3551 1068 3613 sive
1082 3551 1113 3613 in

145 3639 222 3724 ipsis
234 3633 393 3706 fidelibus,
409 3629 585 3693 dubietates
600 3649 796 3714 augoresque
822 3637 1035 3715 conscientian
1051 3638 1115 3703 Nos

145 3721 300 3812 ejusmodi
314 3717 524 3785 incommodis
547 3736 710 3785 occurrere
730 3720 885 3804 volentes,
911 3725 1038 3808 plenam
1059 3746 1115 3793 ea·
