2604 4196
471 315 557 359 ttuutt
579 315 736 361 SECUNDUS.

111 415 201 476 sotira
217 413 360 494 mysteria
379 421 431 475 aut
448 415 588 476 historias
607 415 784 492 approbatas
802 417 981 479 Sanctorum
1001 411 1105 487 oontit¹

113 509 206 577 nent;
220 500 274 562 sed
295 519 357 562 non
372 501 441 563 iicet
454 519 606 582 exponere
628 500 658 561 in
675 502 799 563 ecclesia
819 503 967 584 imagines
987 508 1090 568 Servo-

114 607 185 652 rum
207 589 261 649 Dei
285 587 422 651 nondum
439 589 656 660 beatifioorum
671 589 834 666 presertim
852 609 922 652 cum
938 591 1028 656 radiis
1041 604 1091 657 aut

114 675 284 740 sanctitatis
296 676 402 757 signis.
417 678 459 738 lta
467 677 608 740 Urbanus
621 677 695 744 vm,
712 675 835 735 constit.
848 676 989 741 Caelestis.

156 762 322 825 Beatiiieati
338 763 482 845 pingendi
498 769 568 824 sunt
582 781 652 825 oum
666 762 758 822 radiis
769 765 904 837 tanti1m3
920 767 1092 829 canonizati

116 852 190 913 vero
212 869 284 912 cum
305 849 475 912 diademate
493 851 572 912 eirca
590 855 688 930 caput
708 883 746 895 -
761 851 910 928 Imagines
932 851 1092 916 Beatorum

118 959 181 1002 non
203 939 318 1018 ubique
339 939 407 1000 iicet
427 938 547 1018 publice
568 955 721 1016 exponere
737 937 919 998 venerationi
944 939 1089 1004 fidetium.

117 1027 271 1105 Imagines
284 1031 385 1088 autem
400 1026 533 1106 plurium
545 1026 723 1086 Sanctorum
738 1024 848 1104 apponi
863 1033 989 1103 possunt
1003 1044 1093 1108 super

115 1114 203 1177 altari
220 1115 250 1174 in
266 1131 329 1193 quo
344 1129 464 1178 sacrum
480 1112 642 1192 peragitur.

163 1200 351 1282 «Imagines
376 1202 473 1261 Deum
498 1203 747 1278 repraesentantes
770 1197 827 1259 sub
852 1201 887 1260 ed
913 1200 1008 1264 torma
1032 1209 1092 1284 qud

7 1295 11 1308 ’
119 1311 137 1350 ι
159 1290 225 1371 ipse
247 1287 422 1350 hominibus
444 1287 601 1366 apparuit,
627 1286 715 1346 licitae
737 1295 808 1348 sunt
822 1284 949 1366 (Bened
972 1293 1089 1362 ΧΗ)...

120 1400 137 1437 ι
158 1374 544 1448 constit...Sollicitudini‚
555 1373 573 1453 ς
584 1375 681 1450 12...)
695 1374 1090 1453 ltnaginesSS.Trinitatent

120 1469 409 1546 «repraesentantes
431 1461 489 1522 sub
508 1461 597 1522 oertis
616 1460 720 1522 formis
741 1461 829 1522 iioitae
853 1470 923 1524 sunt
948 1483 956 1524 ι
982 1483 1091 1547 nempe

120 1577 137 1612 a
159 1570 230 1634 quaa
246 1555 342 1613 Deum
358 1553 476 1610 Patrem
486 1549 684 1610 continentin
697 1548 794 1610 forma
808 1549 940 1612 hominis
953 1554 1045 1627 senis,
1060 1554 1100 1614 iu'

122 1663 138 1698 a
160 1639 250 1722 cujus
260 1640 328 1700 sinu
339 1638 374 1698 sit
383 1637 640 1698 Christusetinter
650 1644 814 1717 utrumque
824 1638 952 1718 Spiritus
963 1643 1102 1702 sanctus·

122 1753 139 1789 ι
172 1749 192 1790 n
220 1727 317 1789 forma
337 1725 514 1799 .ooiumbae;
544 1725 589 1786 vel
612 1719 761 1804 imagines
778 1726 809 1784 iu
834 1725 946 1804 quibus
966 1729 1091 1788 seorsim

122 1840 138 1877 ι
160 1819 242 1878 Deus
254 1817 341 1876 Pater
355 1814 386 1876 in
400 1813 497 1876 forma
509 1813 642 1874 hominis
654 1813 746 1886 senis,
763 1820 792 1872 et
805 1813 932 1873 seorsim
945 1813 1089 1888 Christus,

123 1929 139 1966 a
160 1905 212 1968 sed
227 1902 389 1984 propinqui
402 1901 504 1978 ambo,
518 1909 548 1964 et
558 1902 636 1962 inter
646 1909 811 1980 utrumque
824 1900 952 1981 Spiritus
966 1903 1092 1963 Sanetus

123 1993 191 2055 uin
214 1991 313 2054 sorana
334 1990 483 2052 columbe
504 1989 573 2071 (id,
597 1987 615 2069 §
635 1992 685 2062 25,
709 1991 760 2063 32,
783 1989 873 2066 36)...
895 1988 980 2070 Pingi
1000 1991 1092 2052 etiam
1128 1987 1130 1994 ⁴

122 2105 139 2142 a
161 2085 260 2162 potest
282 2083 369 2141 Pater
390 2078 530 2154 solus...;
550 2079 622 2138 item
643 2083 775 2139 eternus
798 2077 891 2139 Filius
913 2078 1090 2154 seorsim...,

123 2194 138 2228 a
158 2170 251 2231 etiam
264 2167 322 2230 sub
339 2165 437 2229 forma
450 2168 473 2228 Α
479 2166 534 2247 poi
542 2186 550 2238 ;
567 2167 639 2226 item
657 2163 785 2244 Spiritus
799 2166 944 2239 Sanetus,
961 2167 1006 2228 vel
1020 2173 1089 2228 tan-

122 2282 138 2318 a
158 2274 253 2339 quam
265 2255 303 2318 de
317 2255 394 2318 ooelo
407 2255 594 2316 descendens
607 2253 656 2314 die
673 2253 863 2314 Pentecostes
875 2254 906 2314 in
922 2253 1019 2335 figura
1033 2256 1090 2316 lin·

123 2372 138 2404 (ι
158 2363 290 2426 guarum
314 2343 411 2423 ignis,
431 2344 476 2404 vei
499 2343 572 2403 alias
595 2341 626 2402 in
651 2341 800 2403 columbae
824 2341 941 2422 specie,
966 2344 1091 2404 seorsim

124 2457 139 2491 a
159 2434 273 2516 pariter
294 2432 333 2494 ab
356 2431 421 2492 aliis
439 2431 578 2493 Personis
596 2429 706 2491 divinis
729 2448 736 2488 :
761 2448 822 2490 non
843 2438 944 2490 tamen
964 2432 1091 2509 Spiritus

123 2547 138 2580 a
159 2523 289 2584 Sanetus
301 2519 426 2582 seorsim
439 2517 456 2580 d
471 2517 589 2579 duabus
602 2517 668 2578 aliis
679 2517 820 2578 Personis
833 2516 966 2578 humana
978 2521 1090 2597 specie,

122 2633 138 2668 a
157 2627 214 2672 seu
228 2608 295 2686 viri,
310 2626 363 2670 seu
376 2607 497 2687 juvenis
509 2605 631 2687 depingi
647 2611 745 2685 potest
759 2604 860 2684 (ibid,
875 2604 893 2684 §
906 2605 970 2685 36).

163 2721 181 2760 ι
199 2699 269 2762 Non
288 2697 356 2759 ttoet
375 2697 601 2758 sanctissimam
620 2695 796 2756 Trinitatem
815 2694 939 2774 pingere
959 2695 990 2754 in
1006 2701 1091 2759 utero

122 2811 139 2848 a
158 2787 195 2850 B.
211 2788 254 2850 M.
271 2785 354 2866 Virg.
371 2784 436 2861 (id,
452 2783 467 2864 5
481 2783 545 2864 ut),
563 2801 619 2844 nee
630 2782 687 2843 sub
702 2782 798 2860 iigurd
810 2782 941 2843 hominis
955 2783 1091 2864 tricipitis

124 2899 139 2936 u
158 2875 228 2954 tib„
243 2875 261 2956 ξ
274 2877 334 2950 28).
353 2875 399 2932 An
415 2879 517 2934 autem
531 2872 588 2932 sub
603 2869 698 2948 figura
713 2868 871 2928 hominum
885 2870 1046 2947 aequalium
1061 2878 1092 2932 et

124 2963 318 3037 «similium,
332 2960 538 3041 disputatur...
565 2957 632 3036 (id,
656 2956 671 3038 5
694 2956 757 3036 29).
786 2954 935 3035 Imagines
958 2955 1090 3020 divinam

124 3077 138 3112 a
159 3053 326 3114 Personam
341 3053 589 3129 representantes
603 3044 659 3106 sub
677 3043 735 3106 alia
749 3043 846 3104 forma
862 3045 954 3123 quam
969 3063 1038 3123 que
1052 3046 1090 3108 ab

124 3165 139 3201 ι
159 3139 268 3204 eadem
278 3144 431 3217 assumpta
444 3136 544 3212 t'uerit,
556 3133 676 3196 tolerari
690 3151 749 3194 non
764 3131 874 3193 debent
886 3131 954 3212 (id,
965 3132 982 3212 ᾖ
993 3133 1056 3216 22).
1071 3155 1089 3206 *4

120 3232 162 3294 ita
178 3225 312 3290 Ferraris
326 3225 370 3306 tv·
383 3224 542 3305 Imagines,
559 3231 592 3282 n⁰
605 3225 656 3293 54,
670 3220 743 3301 eto.)
1092 3245 1096 3254 ·

162 3315 342 3380 «Urbanus
364 3314 429 3374 Vlll
447 3309 585 3373 comburi
604 3309 693 3386 iussit
715 3309 879 3388 imaginem
900 3325 971 3370 oum
993 3311 1087 3372 tribus

126 3429 140 3464 a
159 3404 278 3478 huonis,
293 3400 390 3463 tribus
403 3399 483 3462 nasis
496 3405 526 3460 et
540 3403 668 3478 quatuor
682 3396 805 3459 ocutis»
820 3397 858 3459 ud
872 3396 1087 3478 designandam

120 3493 309 3559 Trinitatem.
323 3488 383 3565 lt„
399 3498 433 3548 n·
442 3491 493 3550 tr.

103 3607 105 3620 r
159 3585 235 3646 Item
250 3578 366 3642 linitum
384 3582 430 3637 est
445 3574 576 3656 Angelos
595 3573 758 3656 depingere
775 3574 808 3636 in
821 3574 918 3636 forma
931 3579 1086 3654 corporee,

121 3670 201 3755 quali
216 3670 249 3730 in
267 3663 418 3746 scriptura
434 3662 606 3725 referuntur
625 3662 789 3742 sepissime
806 3661 979 3723 hominibus
995 3680 1093 3744 appan·

123 3761 230 3833 tuisse,
246 3753 293 3816 rel
308 3752 389 3832 quati
403 3751 516 3812 ibidem
531 3750 752 3810 deseribuntur.
