2590 4208
138 251 140 260 ’
210 255 246 318 bl
487 235 640 315 unaucurt
661 269 743 316 runis
763 268 908 316 cinonrcr.

212 399 334 474 separat
348 397 470 471 portam
486 389 668 452 monasterii
684 387 824 451 clausam
840 409 857 452 a
877 400 967 472 porta
987 391 1186 456 secularibus

212 479 375 560 patefacta,
393 479 440 539 vel
462 476 548 557 quod
563 477 657 538 intret
680 476 761 539 aedes
784 481 965 542 monasterii
986 483 1186 561 contiguasa

212 566 338 630 famulis
352 565 555 637 inhabitatas,
574 572 628 626 aut
642 565 806 628 ecclesiam
818 569 1014 631 exteriorem.
1025 569 1075 650 (V.
1092 567 1184 642 ibid,

210 668 245 718 n·
257 655 360 737 28l0.)

249 745 390 806 Diximus
405 751 489 804 entra
510 761 592 804 cocus
609 760 627 803 a
641 743 710 821 ¹iure
724 763 874 825 expressos
894 745 1074 808 :bloniales
1096 745 1183 808 enim

208 833 312 913 egredi
335 841 467 912 possunt
490 849 578 894 ceusu
594 833 699 913 magui
712 834 745 893 iu
759 835 933 896 monasterio
954 835 1109 913 incendii,
1137 835 1183 897 nei

210 922 394 1002 infirmitatis
418 921 510 1001 lepre
527 929 554 981 et
575 919 745 1000 opidorum,
770 921 801 983 id
821 928 865 983 est
881 923 994 1003 pestis,
1022 941 1087 986 non
1108 941 1184 986 reru

211 1011 341 1091 phtisis3
365 1011 438 1070 item
463 1009 585 1072 ratione
608 1009 845 1083 inundationis,
867 1009 943 1072 belli
964 1012 1182 1086 imminentis,

210 1100 309 1161 ruinae
322 1096 445 1162 aediticii
461 1119 469 1155 t
491 1097 621 1160 obtenta
635 1106 752 1172 tamen,
770 1099 803 1160 in
819 1098 856 1160 iis
871 1099 1008 1176 casibus,
1025 1108 1183 1180 quantum

211 1187 275 1249 sieri
288 1187 411 1268 poterit,
429 1186 552 1247 licentia
568 1186 683 1266 scripta
703 1186 743 1248 ab
758 1186 926 1268 Episcop0,
944 1196 1010 1262 aut,
1027 1188 1110 1252 Sede
1125 1207 1183 1250 va·

209 1285 311 1350 cante,
328 1275 477 1337 avicario
491 1275 675 1356 capitulari,
698 1283 729 1338 ct
743 1276 837 1337 etiarn
853 1294 870 1337 a
890 1277 1020 1340 Praelato
1042 1277 1183 1356 regulari
1216 1301 1219 1308 ·

210 1366 234 1426 si
251 1363 475 1427 monasterium
491 1364 530 1424 sit
544 1371 736 1445 exemptum.
754 1397 792 1412 -
807 1363 841 1425 ln
852 1365 972 1427 coeteris
986 1365 1125 1439 casibus,
1141 1365 1183 1426 li-

207 1453 310 1516 centia
326 1471 343 1514 a
356 1452 468 1516 Sancta
483 1451 562 1514 Sede
576 1458 623 1514 est
636 1451 820 1529 obtinenda,
836 1453 956 1514 etiamsi
969 1453 1008 1514 de
1021 1454 1184 1516 audienda

212 1541 304 1603 missa
316 1540 353 1602 de
364 1551 519 1620 praeeepto
532 1548 688 1619 ageretur,
699 1539 802 1602 autad
812 1540 924 1602 balnea
934 1541 1078 1604 eundum
1089 1551 1182 1619 esset,

210 1637 265 1692 aut
279 1636 358 1692 esset
371 1627 571 1690 fundandum
586 1629 634 1691 vel
645 1627 820 1707 regendum
835 1627 922 1691 aliud
938 1631 1181 1694 monasterium.

249 1722 316 1782 996.
342 1717 450 1792 Quoad
469 1735 541 1780 vero
565 1718 739 1796 ingressum
754 1717 787 1779 in
812 1717 1002 1782 monialium
1017 1728 1182 1783 monaste·

209 1809 273 1881 ria,
290 1806 476 1886 generaliter
489 1805 684 1886 quibuslibet
701 1807 852 1885 personiS,
869 1807 929 1868 sub
943 1824 1036 1887 poena
1054 1808 1182 1890 maioris

208 1895 558 1969 excommunicationis,
572 1893 757 1974 simpliciter
777 1894 867 1974 Papae
881 1905 1062 1970 reservatae,
1079 1897 1181 1959 inter-

210 1984 336 2058 dicitur,
353 1984 413 2044 nisi
431 1983 585 2046 habeatur
599 1981 727 2045 licentia
741 2001 759 2045 a
774 1981 887 2046 Sancta
902 1982 991 2047 Sede.
1009 1985 1056 2046 lta
1072 1984 1181 2048 Const.

212 2071 391 2152 Apostolicoe
404 2071 500 2146 Sedis,
517 2090 581 2153 qua
595 2072 911 2134 excommunicantur
923 2089 987 2134 non
996 2072 1104 2135 solum
1120 2075 1181 2136 uio·
1284 2069 1285 2072 ’

209 2161 299 2222 lentes
313 2159 503 2234 clausuram,
517 2159 675 2223 sedetiam
691 2161 909 2224 introducentes
922 2161 969 2224 vel
979 2161 1179 2228 admittentes.

250 2249 389 2311 Diximus
408 2249 605 2330 quibuslibet,
633 2249 766 2332 proinde
788 2251 820 2312 in
842 2250 925 2313 dicta
952 2249 1180 2331 prohibitione,

208 2337 521 2419 comprehenduntur
544 2339 639 2400 etiarn
664 2356 786 2401 sorores
800 2339 890 2401 dictae
908 2339 1072 2414 touridres,
1095 2349 1182 2403 extra

208 2427 318 2489 saltem
334 2435 460 2508 tempus
475 2427 677 2508 probationis.
695 2430 739 2488 lta
758 2445 844 2489 sacra
860 2427 1011 2508 Congreg.
1030 2427 1179 2512 Episcop.

208 2528 238 2578 et
252 2517 387 2596 regular.
406 2514 455 2597 (ll.
479 2516 629 2590 Manuale,
646 2527 683 2578 n⁰
697 2515 800 2595 2848.)
819 2516 885 2579 lmo
900 2519 995 2578 etiam
1009 2517 1141 2598 pueruli
1152 2528 1183 2582 et

209 2605 330 2686 puellae,
348 2613 382 2667 ut
396 2614 517 2667 constat
529 2604 682 2679 Trident,
698 2623 772 2666 sess.
788 2604 881 2680 XXV,
897 2625 924 2668 e.
940 2610 969 2668 5.

248 2696 273 2755 Α
289 2694 501 2774 prohibitione
513 2693 713 2774 excipiuntur
726 2692 943 2774 imperatores,
959 2693 1070 2774 Reges,
1082 2695 1181 2777 lmpe·

210 2783 357 2861 ratrices,
379 2783 519 2862 Reginae,
545 2791 639 2863 atque
654 2799 762 2844 eorum
783 2781 840 2844 filii
860 2793 890 2845 et
904 2783 993 2859 iiliae3
1019 2801 1086 2846 non
1109 2803 1183 2848 vero
1281 2801 1282 2814 ¹

209 2871 324 2946 duces,
340 2891 399 2934 nec
413 2872 630 2952 magistratus,
646 2871 764 2952 quibus
784 2879 891 2933 tamen
913 2870 1107 2952 aliquando,
1131 2873 1182 2934 in-

209 2961 354 3025 consulto
369 2959 539 3041 Episcopo,
557 2978 620 3022 non
636 2967 716 3022 esset
731 2959 870 3042 prudens
881 2961 1001 3025 aditum
1011 2959 1182 3043 denegare.

249 3051 295 3112 Ex
319 3050 402 3130 justa
424 3067 520 3112 causa
539 3049 686 3130 Episcopi
708 3056 839 3130 possunt
853 3049 1033 3111 clausuram
1055 3050 1183 3113 monia-

210 3140 289 3202 lium
304 3156 367 3200 suae
382 3137 536 3211 dioecesis,
553 3155 617 3201 non
632 3155 707 3200 vero
723 3137 844 3213 aliene,
860 3138 983 3200 etiamsi
996 3147 1103 3200 essent
1116 3157 1182 3202 cur·

210 3226 340 3297 dinales,
358 3227 491 3306 ingredi.
508 3227 672 3308 Tanquam
693 3225 851 3290 Ordiuarii
870 3225 1095 3306 ingrediuntur
1111 3227 1185 3309 qui-

212 3315 295 3389 dem,
305 3317 330 3376 si
346 3317 569 3385 monasterium
584 3333 648 3379 non
662 3317 698 3377 sit
709 3324 903 3396 exemptum3
915 3333 1017 3392 secus,
1030 3325 1185 3397 tauquam

213 3403 301 3466 Sedis
320 3404 504 3486 Apostolicae
519 3405 669 3485 delegati;
692 3412 723 3466 et
742 3412 818 3468 tunc
834 3403 1037 3467 solummodo
1053 3423 1113 3486 pro
1138 3406 1184 3468 vi-

213 3493 358 3556 sitatione
371 3496 453 3557 circa
468 3495 719 3559 observationem
731 3494 895 3556 clausurae.
908 3493 1005 3556 Porro
1021 3501 1098 3556 tuuc
1113 3493 1186 3576 plus
1278 3525 1279 3550 r

214 3600 309 3661 quum
321 3592 392 3645 octo
407 3601 557 3665 personas
572 3602 676 3648 secum
692 3583 892 3645 introducere
903 3589 1081 3663 nequeunt,
1093 3581 1185 3664 juxta

214 3669 397 3750 Gregorium
408 3673 488 3746 lllll,
502 3672 554 3752 qui
569 3673 672 3736 varias
685 3689 794 3753 poenas
807 3669 898 3734 insua
912 3671 1004 3733 Bulla
1014 3671 1048 3732 iu
1062 3679 1185 3736 contru-

214 3760 374 3822 venientes
400 3760 551 3824 decernit.
579 3757 646 3823 Non
673 3767 778 3822 tamen
806 3760 969 3842 Episcopis
996 3759 1069 3823 licet
1098 3770 1186 3846 septu

1122 3973 1132 4001 b
