2552 4204
484 291 570 338 traua
590 289 722 337 rasurus.
1034 270 1092 331 rut

120 411 151 474 d
164 415 247 492 patet
259 429 296 472 ex
308 427 375 489 cap.
401 408 435 470 st
457 409 522 470 oeni
535 410 585 476 34,
600 405 643 466 De
655 411 728 465 sent.
744 420 885 464 excomm.
901 407 932 462 et
943 397 1024 499 dicto
1038 415 1087 458 ea-

122 502 182 582 pite
203 499 348 574 Quoniam
363 499 479 558 multos.
496 497 626 557 Excusat
640 495 750 574 pariter
773 499 871 552 metus
892 507 1000 568 gravis,
1022 489 1099 549 cum

122 591 169 652 tex
182 589 316 650 humana
331 605 394 648 non
408 585 518 666 obliget
532 601 603 646 coin
616 583 699 661 gravi
713 577 919 640 incommodo.
941 664 946 676 .

162 680 311 750 Quaenam
333 677 394 738 sint
415 672 744 736 excommunicationes
760 671 889 747 niojores
907 667 1004 744 doure
1018 663 1096 741 iatae,

122 767 192 830 vide
207 768 310 828 Const.
322 765 422 845 Apost.
439 762 535 826 Sedis.

569 889 585 970 5
606 893 642 954 11.

474 1015 518 1078 De
543 1021 736 1100 suspensione.

155 1157 227 1219 853.
243 1155 410 1235 Suspensio
423 1167 466 1218 est
483 1179 602 1221 censura
616 1163 673 1243 qud
688 1165 824 1230 minister
839 1170 983 1238 uictam
993 1176 1099 1256 prolui·

116 1244 202 1306 tetur
214 1242 253 1303 od
267 1243 368 1324 utiquo
381 1253 454 1307 uotu-
462 1248 664 1328 ecclesiastico,
678 1254 756 1316 altos
767 1257 827 1319 sibi
837 1271 1021 1344 competente.

155 1331 314 1394 Differtob
327 1333 393 1394 otiis
406 1338 543 1398 censuris
564 1338 595 1399 in
617 1343 754 1423 eoquod
775 1352 933 1429 suspensio
955 1353 1048 1416 tamur
1060 1354 1097 1417 in

116 1421 198 1484 satos
211 1420 349 1494 ciericos,
364 1421 438 1484 dum
452 1432 568 1488 coeterae
582 1446 719 1494 censurae
733 1433 822 1496 etiam
837 1437 869 1497 in
882 1439 974 1502 laicos
985 1443 1096 1506 cadere

116 1517 249 1591 possunt
270 1527 279 1572 z
300 1511 365 1573 soto
386 1529 459 1592 ergo
484 1515 653 1580 ministerio
676 1523 880 1587 ecclesiastico
906 1530 1001 1608 privat
1025 1551 1091 1594 sus·

117 1599 242 1681 pensio,
255 1597 330 1661 dum
349 1605 622 1666 excommunicatio
636 1615 665 1668 et
679 1609 874 1674 interdictum
896 1617 1014 1696 privant
1028 1620 1097 1683 aliis

118 1687 219 1763 bonis,
236 1686 347 1769 quibus
361 1689 451 1750 etiam
466 1691 618 1772 simplices
631 1693 736 1758 fideles
749 1700 927 1780 participare
941 1707 1051 1768 vatent.

156 1775 325 1856 Suspensio
351 1777 408 1839 ulia
432 1785 477 1840 est
498 1780 639 1861 completo
661 1801 729 1864 quae
751 1789 906 1868 suspendit
926 1791 965 1853 ab
986 1795 1098 1859 ordine

114 1865 208 1940 simul
222 1873 255 1926 et
267 1864 306 1926 eb
323 1864 424 1928 officio
438 1875 468 1928 et
482 1867 631 1931 beneticio
639 1889 649 1944 3
663 1872 791 1952 proinde
806 1876 902 1956 privat
916 1899 973 1942 usu
989 1890 1091 1964 potes-

114 1955 185 2018 tatis
205 1953 415 2017 ecciesiasticae
435 1955 523 2018 alicui
545 1961 743 2039 competentis
766 1963 887 2028 ratione·
903 1969 1018 2033 ordinis
1041 1983 1097 2037 out

100 2043 208 2114 ¹osticii
224 2050 276 2105 aut
292 2043 443 2120 beneficii,
459 2044 521 2108 siva
536 2054 666 2126 potestas
681 2050 731 2112 itia
744 2052 860 2116 ordinis
874 2056 913 2118 sit
925 2054 987 2122 sive
997 2061 1090 2140 junis-

114 2133 267 2196 dictionis.

156 2221 223 2284 Alio
246 2240 301 2303 pro
312 2228 397 2303 parte
414 2223 576 2304 irrogatur,
598 2232 628 2287 et
641 2228 797 2308 suspendit
819 2231 964 2299 duntaxat
981 2244 1035 2303 out
1050 2241 1098 2303 ab«

113 2311 234 2386 ordine,
249 2321 301 2374 aut
315 2311 354 2372 ab
367 2311 480 2388 officio,
496 2321 547 2376 aut
562 2315 752 2381 abeneiicio.

153 2401 321 2480 Suspensio
330 2399 368 2461 ab
380 2400 488 2464 ordine
497 2421 559 2464 non
572 2408 667 2485 privat
679 2411 744 2488 ipso
756 2412 874 2489 ordine,
889 2415 1002 2497 quippe
1016 2417 1098 2481 ordo

112 2494 158 2551 est
173 2489 355 2562 indelebilis,
364 2489 415 2550 sed
426 2490 572 2554 duntaxat
580 2497 723 2558 exercitio
734 2498 924 2563 functionum
934 2523 1093 2569 sacrorum

112 2577 279 2653 ordinum3
294 2584 418 2640 vocatur
431 2579 522 2640 etiam
536 2584 694 2664 suspensio
708 2587 725 2646 d
739 2586 861 2665 divinis,
873 2599 925 2652 aut
938 2591 977 2652 ab
990 2593 1090 2656 officio

112 2667 304 2730 sacerdotati.
322 2665 487 2748 Suspensio
503 2667 569 2732 haec
589 2673 698 2734 iterum
720 2684 899 2755 potestesse
922 2680 1003 2742 reia
1027 2687 1090 2745 toto

112 2756 234 2833 ordine,
249 2755 296 2818 vei
316 2758 332 2817 a
347 2755 478 2836 quddam
499 2765 583 2838 porte
599 2759 694 2839 ipsius
709 2781 717 2822 :
734 2764 820 2827 istius
834 2769 954 2847 generis
968 2776 1012 2830 est
1025 2788 1091 2834 sus·

112 2843 222 2927 pensio
242 2845 261 2906 d
280 2844 522 2928 Pontificoiibus,
545 2846 590 2907 vei
610 2851 768 2929 suspensio
790 2855 808 2914 a
830 2856 989 2917 collatione
1008 2857 1089 2918 ordi·

114 2953 212 3010 num;
227 2934 415 3015 suspensioni
433 2935 525 2995 sceris
538 2929 696 3017 ¹suspendit
708 2940 747 3000 ab
765 2942 882 3005 actibus
898 2945 949 3024 qui
967 2944 1095 3008 ordines

114 3025 294 3104 requirunt;
310 3025 468 3104 suspensio
481 3022 521 3086 ab
540 3025 625 3087 attari
642 3027 662 3090 o
682 3029 745 3091 sold
767 3031 968 3095 celebratione
991 3035 1089 3098 missu

112 3118 260 3176 removet.

153 3201 329 3281 Suspensus
343 3203 360 3262 a
372 3202 452 3264 certd
466 3202 620 3266 iunctione
634 3205 764 3282 ordinis,
781 3227 809 3272 v.
823 3230 867 3292 g.‚
883 3211 901 3272 d
915 3229 1086 3275 sacramen·

108 3296 217 3353 torum
231 3289 502 3364 administratione,
515 3310 577 3354 non
590 3293 658 3357 ided
667 3303 712 3358 est
723 3301 914 3378 suspensusa
929 3300 1087 3366 sacrificio.

13 3381 16 3388 '
113 3381 202 3450 item,
221 3377 247 3438 si
260 3379 276 3438 t
291 3379 450 3442 collatione
468 3379 583 3442 ordinis
602 3401 670 3463 quis
692 3394 772 3446 esset
788 3404 968 3469 suspensus,
989 3399 1092 3472 posset

111 3465 314 3529 nihilominus
327 3469 455 3548 primam
469 3475 625 3532 tonsuram
638 3473 786 3538 conferre.

154 3557 330 3637 Suspensus
341 3557 379 3618 ab
397 3558 505 3620 ordine
519 3577 582 3621 non
596 3569 640 3622 est
654 3579 820 3643 suspensos
838 3568 855 3629 a
867 3566 1086 3650 jurisdictione.

154 3643 321 3724 suspensio
338 3643 483 3709 ddioim's
499 3666 561 3710 non
584 3649 682 3712 obstat
701 3656 866 3736 receptioni
886 3664 1089 3720 sacramento·

113 3732 291 3798 tumetium
305 3735 490 3816 poeuitentiae
501 3755 510 3799 ε
521 3737 648 3821 impedit
660 3745 762 3806 minen
777 3745 981 3827 receptionem
994 3763 1088 3808 sacra·
