2618 4212
532 281 689 332 ΑΡΡΕΝΠΙΚ·

583 477 649 542 xit.

125 647 211 695 cmcr
233 643 414 694 srurnnrns
442 641 483 690 rx
513 641 683 702 rpronurm
715 639 906 687 couscrsurn
929 622 978 704 (ad
1013 621 1047 686 T.
1068 619 1104 696 il,

546 748 583 810 p.
602 728 683 811 669).

125 858 294 922 instructio
312 855 412 920 Sucro
439 837 685 934 Conpreputtouu
706 854 742 916 dc
761 852 960 932 Prupcpoudc
973 852 1047 914 Fide
1065 852 1110 914 od

164 946 313 1027 episcopor
323 952 352 1008 ct
366 944 507 1024 protutor
517 943 671 1023 reputares
685 942 904 1006 cuttrttcorum
917 941 1104 1012 missionum,

154 1052 261 1114 supro
275 1031 593 1114 responsionibusque
601 1031 780 1112 irrepuntur
792 1047 830 1094 cuc
846 1030 1013 1112 informato
1028 1047 1104 1093 cous·

167 1123 289 1186 utentia.

168 1252 182 1286 ι
205 1225 298 1291 Omni
313 1234 457 1306 temporo
475 1225 611 1288 sollicita
629 1225 688 1288 fuit
700 1223 851 1300 Ecclesia,
874 1232 988 1288 utnon
1004 1225 1105 1289 sotum

127 1333 276 1380 ascensus
291 1314 330 1377 ud
345 1331 449 1378 sacros
464 1314 592 1378 ordines
619 1315 863 1378 interdiceretur
886 1313 1036 1395 indignis,
1052 1335 1113 1378 tre--

126 1424 198 1469 rum
214 1405 309 1467 etiam
322 1403 363 1465 ab
390 1403 577 1467 eorumdem
602 1403 752 1466 exercitio
774 1403 937 1466 criminosi
963 1405 1107 1486 suspensi

126 1501 303 1557 manerent.
488 1491 490 1496 '

169 1605 187 1642 u
198 1580 278 1645 Cum
293 1587 399 1643 autem
416 1579 617 1644 occultorum
630 1597 759 1662 quoque
772 1579 954 1660 criminum,
974 1599 1115 1662 quaequo-

126 1671 261 1752 prodere
275 1687 340 1732 non
352 1670 525 1750 expediret,
536 1667 638 1733 facilis
650 1677 681 1730 et
695 1675 854 1750 prompta,
865 1686 982 1750 nempe
996 1670 1107 1749 ajudi·

125 1756 348 1823 ciariisiormis
357 1757 457 1820 libera
470 1758 621 1821 coercitio
635 1757 809 1838 aliquando
824 1757 1001 1820 necessarie
1015 1759 1054 1819 sit
1067 1758 1105 1820 ad

137 1847 219 1912 sacri
236 1846 403 1910 ministerii
419 1847 606 1928 dignitatem
622 1855 653 1909 et
667 1847 810 1908 fidetium
828 1847 996 1908 utilitatem
1011 1857 1112 1908 men·-
1165 1899 1169 1907 .

124 1938 199 2000 dam
209 1956 218 2012 ;
229 1936 306 1998 hinc
320 1936 555 2016 sapientissimo
565 1935 701 1998 consitio
715 1935 892 1997 Tridentini
909 1935 1014 1997 Patres
1028 1933 1107 2016 (ses-

122 2027 213 2089 sione
227 2041 312 2099 xer,
327 2026 430 2106 capite
450 2023 602 2104 primodo
617 2022 850 2106 deformatione)
864 2021 1072 2086 decreverunt
1098 2043 1113 2087 :-

126 2113 191 2176 «iti
220 2113 272 2177 cui
297 2131 448 2176 ascensus
463 2111 502 2176 ad
530 2131 636 2176 sacros
651 2112 779 2176 ordines
794 2131 811 2174 a
827 2130 886 2192 suo
913 2113 1043 2193 praelato
1070 2132 1106 2176 es

121 2219 329 2284 quacumque
342 2219 452 2275 causa,
468 2201 563 2263 etiam
577 2200 619 2264 ob
633 2201 795 2264 occuitum
811 2201 943 2278 crimen,
973 2221 1108 2284 quomo-

122 2290 255 2368 dolibet,
279 2290 374 2353 etiem
396 2289 677 2370 extrajudicialiter
703 2290 799 2354 iuerit
827 2291 1028 2369 interdictus,
1054 2301 1115 2355 aut.

123 2379 179 2461 qui
193 2398 211 2442 a
224 2375 468 2443 suisordinibus
481 2397 535 2441 seu
546 2377 757 2460 gradibusvel
770 2379 1000 2462 dignitatibuus
1009 2381 1111 2443 eccle-

122 2467 258 2532 siasticis
289 2467 385 2529 fuerit
399 2484 584 2547 suspensus,
606 2467 695 2531 nulla
719 2476 831 2532 contra
855 2468 959 2548 ipsius
988 2469 1109 2548 praeiati

124 2555 321 2620 voluntatem
346 2572 496 2619 concessa
509 2555 639 2618 licentia
651 2555 691 2618 de
706 2573 739 2618 se
754 2557 936 2636 promoveri
949 2555 1105 2632 iaciendo,

122 2653 180 2708 ant
192 2645 232 2708 ad
249 2645 370 2726 priores
380 2643 520 2718 ordines,
535 2642 651 2724 gradus
666 2653 696 2706 et
711 2643 882 2724 dignitates
896 2645 962 2707 sive
975 2644 1110 2709 honores

124 2734 285 2796 restitutio
300 2731 527 2812 suffragentur.

168 2845 182 2878 s
203 2819 249 2882 Er
261 2819 324 2882 hoc
339 2817 473 2900 provido
489 2817 631 2893 decreto,
644 2818 677 2880 in
693 2819 833 2899 eoquod
849 2817 985 2882 refertur
1000 2819 1041 2882 ad
1053 2820 1111 2882 cri·

122 2909 211 2972 mina
224 2908 413 2971 clericorum
429 2924 500 2988 quse
515 2905 789 2988 extraJudicialem
815 2907 1056 2990 suspensionem
1071 2908 1118 2970 an

121 2996 343 3062 ecclesiasticis
367 2993 479 3057 officiis
509 3001 685 3070 merentur,
705 2993 895 3076 jamdudum
916 2996 949 3058 in
977 3014 1037 3058 usu
1053 2995 1110 3058 init

122 3085 341 3166 suspensionis
354 3101 447 3166 poena
459 3101 496 3144 ex
510 3083 615 3146 causis
640 3082 773 3165 praeiato
797 3084 898 3159 notis;
913 3102 984 3165 quae
997 3101 1109 3166 nempe

121 3174 212 3239 audit
226 3172 393 3255 suspensio
407 3190 446 3234 ex
462 3169 633 3234 informata
649 3172 856 3234 conscientia.

163 3285 178 3321 ι
201 3260 249 3324 Ad
266 3261 327 3324 hoc
340 3261 448 3341 itaque
464 3267 499 3320 nt
512 3257 546 3320 in
561 3257 673 3322 eadem
689 3258 876 3340 infligenda,
897 3277 970 3322 cum
987 3260 1119 3340 maj0ri,

121 3369 186 3435 qua
201 3357 305 3433 potest
319 3349 442 3412 cautela
457 3355 486 3410 et
503 3348 673 3412 securitate
699 3346 856 3412 Ordinarii
882 3347 1112 3414 catholicarum

122 3440 309 3505 missionum
327 3438 511 3522 procedant,
529 3435 837 3520 sacraCongregatio
852 3438 893 3503 dc
908 3439 1121 3523 Propaganda.
1176 3457 1178 3462 ·

123 3531 402 3611 Fidepraesentem
434 3526 680 3594 instructionem
707 3527 865 3590 edendam
896 3530 1031 3610 censuit,
1061 3527 1114 3592 eui

122 3618 221 3683 iidem
236 3616 394 3680 Ordinarii
411 3616 443 3678 in
459 3614 650 3679 adhibendo
663 3615 725 3680 hoc
739 3617 994 3684 extraordinario
1014 3636 1108 3681 reme

124 3707 191 3784 dtu,
208 3724 276 3770 sese
286 3702 486 3769 conformare
502 3703 675 3768 curabunt.

1008 3827 1055 3872 ist*
