2552 4204
446 257 533 304 creua
555 256 682 306 suarius
897 250 900 255 “
1000 245 1062 309 705

119 397 135 432 a
157 370 243 436 Bene
255 383 367 435 autnm
382 372 502 435 adverti
521 371 672 436 Peleus...
686 373 881 455 Episcopum
896 387 959 440 non
971 395 1061 459 posse

80 484 97 522 a
110 461 297 538 dispensare
308 461 340 522 in
350 460 654 542 irregularitatibus,
668 462 715 524 vel
727 462 893 528 absolvere
903 465 920 526 ὲ
932 483 1061 548 suspen·

80 541 223 605 sionibus
242 540 353 624 (Papae)
372 543 549 618 reservatis,
566 560 637 605 cum
654 541 841 624 alienigenis
854 545 982 609 etiamsi
999 550 1060 628 ipsi

82 631 221 692 habeant
249 630 565 712 quasi-domicilium
590 629 909 708 incunctancter
937 634 1060 698 Declar.

85 743 98 779 a
118 717 247 798 Gregor.
264 718 334 781 Xlll
352 719 450 782 relati
466 719 521 781 lib.
538 719 567 798 6,
585 719 656 784 593.
675 744 689 777 a
705 719 750 783 lta
765 719 786 783 S
801 721 943 801 Lignea,
960 724 1016 787 lib.
1034 731 1061 786 7.

81 806 232 882 n⁰93,in
245 807 316 888 fine.
1007 848 1009 856 ·

119 895 237 976 Nequit
259 895 434 978 Episcopus
462 897 608 978 delegare
637 897 820 962 facultatem
837 900 1024 964 absolvendi
1045 913 1058 970 e

79 988 209 1050 casibus
220 986 389 1067 papalibus
399 987 545 1061 occultis,
561 998 650 1049 extre
660 995 895 1050 sauvamentum
909 989 1059 1053 Poeuiten·

81 1078 142 1151 tice,
160 1073 554 1156 utdeolaravitdregorius
569 1073 649 1138 lllll.

122 1155 194 1219 833.
208 1155 345 1230 Ouaerit:
364 1155 497 1230 Quinem
514 1153 839 1237 possintabsolverea
854 1161 1000 1224 cencuris
1012 1179 1062 1224 re·

81 1246 216 1310 servetis
232 1243 403 1324 impeditos
415 1245 548 1308 Romam
569 1242 678 1307 adire?

120 1333 1062 1416 RespQuaecumqueolimiueuiutcontroversicircaaecen·

80 1441 174 1488 suras
185 1432 352 1486 contentas
366 1422 400 1486 in
413 1423 503 1486 Bulla
514 1424 621 1498 Cone,
631 1423 706 1504 quia
716 1422 748 1484 in
766 1442 802 1487 ea
824 1426 915 1489 solus
928 1431 1068 1512 excepte·-

82 1514 180 1577 batur
195 1511 351 1574 articulus
366 1514 487 1585 mortis
504 1522 626 1576 certum
642 1520 688 1574 est
703 1511 799 1575 hodie
813 1531 1018 1579 communem
1032 1528 1063 1580 et

81 1615 205 1670 certam
221 1601 359 1664 evasisse
385 1603 573 1665 seutentiam
590 1602 679 1683 juxta
695 1619 791 1681 quam
814 1621 831 1664 a
846 1606 989 1666 censuris
1008 1623 1063 1686 pa·

82 1694 213 1780 palibus
227 1691 397 1774 impeditos
409 1691 573 1754 absolvere
585 1697 686 1773 potest
701 1687 887 1772 Episcopus,
911 1693 982 1755 etsi
997 1694 1064 1775 ipsc

81 1782 164 1848 adiri
182 1789 322 1862 nequeat
351 1779 536 1862 Episcopus,
557 1778 692 1862 quilibet
714 1777 941 1859 conlassarius3
969 1783 1065 1847 variis

83 1883 190 1936 tamen
200 1869 304 1933 modis
309 1868 400 1951 juxta
409 1867 820 1950 veriosimpedimentorum
829 1871 955 1950 gradus.
968 1870 1066 1936 Porro

83 1959 353 2044 impedimentum
368 1968 545 2040 potestesse
557 1958 602 2018 vel
615 1964 809 2037 perpetuom,
822 1958 854 2021 id
867 1967 914 2024 est
928 1961 1065 2042 practico

84 2052 168 2114 ultra
183 2048 460 2128 quinquennium;
474 2047 729 2122 valdiutornom,
743 2045 830 2110 idest
844 2069 928 2113 asux
943 2050 1064 2113 mensis

82 2141 142 2204 bus
158 2138 199 2200 ad
220 2137 499 2218 quinquennium;
524 2137 574 2198 vel
602 2131 854 2217 temporaneu'm,
873 2139 906 2201 id
925 2147 971 2202 est
984 2139 1065 2202 inlua

82 2247 136 2294 sex
150 2243 288 2288 menses.
306 2223 341 2286 ln
356 2244 431 2288 casu
447 2234 552 2288 autern
568 2226 786 2307 impedimenti
802 2229 956 2311 perpetui,
973 2231 1066 2290 detur

83 2314 247 2382 absolutio
261 2313 356 2394 plena
371 2332 589 2394 censurarum,
613 2315 732 2398 absque
752 2335 849 2381 onere
881 2336 913 2378 se
934 2315 1065 2378 sistendi
1152 2387 1154 2391 ¹

82 2423 193 2471 coram
205 2403 369 2482 superiore
383 2413 525 2478 cessante
540 2403 779 2484 impedimento,
796 2406 856 2468 nisi
870 2422 1003 2467 censura
1018 2423 1064 2465 re-

83 2503 209 2559 servata
223 2491 262 2552 sit
277 2492 402 2572 speciali
421 2492 540 2554 modos.
557 2491 699 2555 Pontifici
709 2493 825 2578 (donet.
841 2495 944 2572 Apost.
954 2491 1064 2571 Sedis).
1115 2509 1116 2512 ’

82 2584 149 2648 Tali
165 2591 274 2644 autem
297 2581 526 2661 impedimento
541 2579 797 2664 laborantium
813 2580 844 2644 S.
856 2579 972 2662 Liguor
986 2580 1034 2658 (3.
1048 2583 1065 2637 'l

83 2695 115 2738 n.
129 2672 183 2753 88)
203 2693 218 2726 ι
236 2667 344 2750 pueris
360 2670 537 2751 impubere,
559 2669 755 2735 filiifamilias
767 2688 870 2742 senes,
890 2669 973 2732 servi
991 2687 1067 2749 pau·

83 2780 187 2845 perae,
205 2759 335 2826 inlirmi,
349 2759 508 2835 mulieres,
526 2760 699 2838 regulares,
710 2769 742 2822 et
755 2758 902 2822 electiori
916 2757 1069 2818 moniales

82 2849 267 2915 carceribus
279 2855 430 2929 perpetuo
446 2847 598 2922 damnati,
617 2871 631 2905 u
650 2849 843 2928 quicumque
854 2845 984 2906 demum
998 2843 1084 2905 abs-¹

82 2958 145 3020 (que
160 2937 252 3020 gravi
280 2935 484 2999 incommodo
496 2955 637 3014 munus;
652 2948 706 2999 aut
719 2937 770 2999 offi
783 2937 855 2997 ium
880 2933 989 2995 desere
1015 2951 1070 2993 ne·
1079 2941 1086 2990 1,

83 3035 221 3112 queunt.
235 3025 413 3107 lnsingulis
434 3045 508 3087 vero
533 3027 658 3088 casibus
687 3024 935 3090 examinandum
961 3029 1008 3083 est
1029 3039 1071 3082 an

84 3115 195 3183 revere
217 3117 332 3178 existat
359 3114 624 3195 impedimentum
652 3116 714 3178 hue
742 3123 942 3196 perpetuum.
973 3143 1011 3158 -
1036 3111 1081 3171 lu

83 3226 161 3273 casu
172 3221 249 3267 vero
269 3202 931 3285 impedimentidiuturni,daturabsolutio,
945 3215 1068 3276 semper

85 3309 193 3362 autem
209 3295 333 3376 imponi
346 3294 443 3356 debet
456 3312 537 3356 onus
552 3294 755 3372 comparendi
768 3308 874 3354 coram
890 3287 1071 3370 Superiora.

85 3382 120 3442 ln
137 3397 216 3442 casu
231 3377 360 3437 demum
378 3375 597 3455 impedimenti
612 3373 806 3453 temporanei
821 3382 951 3450 urgente
968 3386 1077 3430 neces¹

84 3469 191 3543 sitete,
208 3464 340 3528 inferior
359 3462 490 3526 absolvit
512 3462 629 3526 directe
646 3481 663 3522 a
679 3461 812 3542 peccatis
833 3455 1071 3526 communibus,

84 3553 497 3635 indirectevccoapeccatis
509 3551 673 3613 reservatis
686 3559 716 3612 et
727 3548 888 3620 censuris3
905 3545 965 3607 sub
977 3560 1075 3606 onere

86 3665 196 3720 temen
206 3640 596 3728 quamprimumadeundi
612 3639 807 3716 superiorem
819 3646 849 3699 et
859 3630 1076 3698 adreiuciden·

86 3739 178 3802 tiam.
