2604 4196
492 250 579 297 aaran
601 250 759 296 sucuuuus.
1061 244 1119 302 tta

135 361 151 397 r
172 346 340 422 peteretur,
351 343 530 428 deneganda
544 349 620 410 foret
633 348 786 429 sepultura
797 349 969 414 eliamcum
984 353 1116 434 periculo

135 431 323 492 «mortis»

169 519 206 578 In
217 519 352 584 Concilio
364 531 466 589 autem
480 526 682 590 avenionensi
693 530 780 602 1849,
795 527 837 590 sic
849 527 1019 598 habeturta
1028 533 1112 608 Quod

132 626 147 661 a
170 606 279 668 attinet
293 609 331 670 ad
341 629 393 674 eos
407 614 724 697 quibusdenegandus
738 621 782 676 est
794 615 891 677 honor
903 618 1112 686 ecelesiastica

132 696 355 776 «sepultarae,
380 712 536 767 servantur
563 705 736 785 praescripta
761 704 791 766 in
820 703 942 766 Ritaali
962 705 1108 789 Romana

132 789 305 848 «attamen
327 787 360 850 in
393 793 581 872 applicandis
602 793 647 854 his
671 793 799 873 regulis,
827 793 960 856 maxima
988 803 1109 862 utantur

132 893 146 929 a
168 874 293 953 parochi
317 878 505 957 prudentia:
530 882 660 944 nimium
682 881 765 944 enim
786 881 919 961 rigorem
943 883 1037 946 vilent
1057 890 1107 966 qui

130 983 145 1018 u
167 961 238 1024 odia
254 982 289 1026 ae
303 966 405 1030 turbas
419 969 449 1030 in
465 971 624 1034 ecclesiam
640 973 766 1052 ejusque
781 969 936 1034 ministros
948 972 1105 1050 excitaret;

130 1072 145 1109 a
168 1069 290 1114 necnon
306 1065 430 1120 caveant
451 1061 563 1141 pariter
577 1063 594 1122 a
610 1061 704 1122 nimia
726 1060 914 1141 indulgentia
927 1079 996 1140 quae
1011 1061 1107 1125 fideli·

129 1161 145 1196 u
169 1139 226 1202 bus
245 1143 395 1221 praeberel
412 1149 590 1212 mandalum
613 1156 643 1211 et
664 1151 851 1212 sanctitatem
876 1149 1031 1230 religionis
1055 1153 1105 1216 laa-

129 1254 144 1286 ιι
165 1224 263 1307 deret3
274 1236 440 1312 generatim
450 1241 687 1320 nondenegetur
696 1238 849 1320 sepultura
861 1238 896 1298 iis
906 1238 1104 1322 omnibusqui

128 1339 144 1376 a
164 1325 235 1382 ante
250 1329 379 1386 mortem
394 1326 478 1406 signa
493 1346 572 1390 verae
586 1327 770 1409 paenitentiae
785 1325 963 1388 dederunt»
982 1325 1025 1409 (p.
1042 1333 1102 1408 66).

164 1411 197 1469 6⁰
218 1408 373 1474 lnhumari
394 1423 520 1495 possunt
545 1417 680 1478 interra
704 1415 862 1478 benedicta
886 1413 1015 1477 infantes
1041 1437 1103 1479 nou

123 1496 274 1576 baptizati,
291 1499 317 1560 si
337 1501 444 1566 inclusi
459 1507 663 1568 remanserint
676 1505 708 1566 in
724 1513 811 1567 utero
827 1505 941 1564 matris.
959 1505 1103 1569 Commu-

123 1585 204 1648 niter
217 1587 329 1652 dicitur
341 1592 422 1672 quod
433 1593 641 1656 catechumeni
651 1613 713 1656 non
726 1594 786 1655 sint
796 1594 826 1654 in
843 1593 909 1654 loco
923 1611 1009 1654 sacro
1022 1613 1102 1675 sepe·

122 1675 236 1748 liendi;
255 1678 379 1758 quidam
394 1687 496 1744 tamen
511 1683 569 1746 hoc
583 1689 708 1763 negant.

162 1765 269 1837 Quoad
283 1769 435 1848 regulares
449 1790 520 1834 aum
532 1773 652 1853 peculio
666 1771 847 1845 defunctos,
863 1769 930 1830 vide
946 1769 1099 1851 Manuale,

122 1859 263 1917 n04726.

160 1949 193 2005 'la
204 1947 238 2005 ln
254 1944 314 2007 line
329 1948 435 2030 capitis
451 1949 589 2025 Placuit,
605 1968 702 2012 causa.
718 1952 768 2026 23,
788 1968 819 2029 q.
835 1950 866 2022 5,
889 1946 1000 2009 dicitur
1020 1950 1101 2030 qudd

121 2052 183 2094 non
209 2034 248 2094 sit
274 2036 468 2100 concedenda
492 2039 644 2120 sepultura
666 2036 866 2102 ecclesiastica
891 2035 937 2098 la'a
961 2038 1015 2118 qai
1043 2058 1101 2120 pro
1141 2071 1145 2079 ·

118 2123 180 2184 ruis
197 2123 352 2186 sceleribus
361 2127 555 2207 puniantur3
580 2127 633 2189 sed
649 2125 894 2190 subaudiendum
912 2145 919 2186 ε
935 2127 998 2187 nisi
1013 2128 1099 2208 sipaa

117 2212 304 2292 paenitentia
316 2215 504 2279 ostenderant.
523 2217 597 2280 Vide
616 2236 682 2297 cap.
701 2215 861 2292 Qaoesitam
879 2223 922 2277 eat
943 2219 994 2293 30,
1010 2235 1098 2280 causa

120 2303 168 2378 13,
182 2321 213 2381 q.
227 2304 355 2366 minuta
365 2305 530 2368 Galliarum
544 2324 647 2381 usum,
659 2306 711 2387 qui
727 2305 834 2368 ultimo
848 2305 998 2386 supplicio
1008 2305 1098 2367 vitam

119 2388 239 2467 finiere,
254 2399 380 2472 possunt
394 2393 518 2474 quidem
534 2395 564 2456 in
581 2397 659 2456 terra
674 2397 759 2456 sacra
772 2393 901 2473 deponi,
917 2393 971 2455 sed
985 2394 1028 2454 eis
1044 2393 1096 2456 ho-

119 2497 209 2542 nores
227 2481 357 2562 publicae
376 2483 538 2562 sepulturae
558 2482 667 2545 deferri
682 2490 851 2565 nequeunt,
870 2483 925 2544 nisi
941 2490 1046 2563 agatur
1060 2484 1097 2546 de

119 2567 153 2630 iis
165 2570 219 2651 qui
234 2569 353 2632 militari
364 2571 478 2651 judicio
491 2572 663 2654 plectuntur
680 2557 824 2652 z’sepeliri
838 2571 957 2632 tantiam
972 2580 1098 2650 possunt

117 2676 188 2720 cum
203 2661 363 2740 praesentia
378 2661 553 2740 sacerdotis,
570 2661 662 2723 modo
678 2661 809 2735 occulte,
826 2659 892 2721 sine
906 2659 1097 2723 solemnitate

67 2765 69 2772 ’
118 2748 395 2828 etsubvesperam.

154 2841 188 2901 8⁰
210 2837 316 2918 Quoad
330 2839 440 2900 mimos
452 2847 481 2901 et
494 2839 651 2902 comoedns
660 2840 778 2900 videtur
788 2837 870 2918 qudd
883 2838 955 2918 ipsis
969 2838 1094 2900 concedi

116 2927 211 3008 possit
224 2927 378 3008 sepultura
392 2927 609 3006 ecclesiastica,
627 2927 683 2988 uisi
699 2925 925 3008 impoenitentes
939 2923 1096 2988 manifesti

115 3015 309 3080 decederent.

154 3110 189 3169 9ο
209 3105 339 3178 Quando
353 3105 479 3168 concedi
496 3125 557 3168 non
570 3105 766 3188 potestalicui
777 3102 931 3185 sepultura
943 3102 1083 3166 ecclesias

117 3193 184 3272 tica,
201 3213 264 3257 non
281 3194 370 3256 debet
384 3196 440 3257 istc
455 3196 574 3277 sepeliri
590 3196 621 3256 in
636 3196 716 3257 terrd
730 3193 899 3271 benedicta,
916 3191 1094 3255 necdebenl

116 3302 169 3363 pro
183 3303 222 3346 eo
235 3283 348 3365 pulsari
364 3302 521 3365 campanae
536 3285 682 3346 eaclesiae.

154 3374 279 3446 Ouaerit.
296 3376 325 3434 l⁰
340 3370 420 3444 Quas
432 3392 538 3453 poenas
551 3374 713 3436 canonicas
725 3373 882 3434 incurrant
892 3371 943 3452 qui
955 3370 1094 3452 indignos

118 3462 146 3525 in
160 3463 228 3526 loco
243 3461 521 3544 saero'sepeliuntl

153 3555 245 3633 Resp.
262 3553 361 3626 «Eos,
378 3551 479 3632 inquit
492 3552 665 3614 ClemensV
676 3551 785 3632 (Glem.
803 3555 833 3629 l,
843 3551 887 3612 De
900 3549 1092 3631 Sepaltaris),

120 3663 134 3698 ι
154 3643 207 3723 qui
231 3641 362 3723 propriae
376 3637 551 3702 lenieritatis
569 3640 714 3716 audacia,
734 3639 946 3702 defunctorum
967 3656 1092 3718 corpora

124 3749 221 3792 «non
245 3731 312 3792 sine
337 3736 515 3810 contemptu
538 3730 667 3793 clavium
689 3728 823 3791 ecclesiae
842 3728 873 3790 in
895 3724 1091 3799 caemeteriis,
