<?xml version="1.0" encoding="UTF-8"?>
<!DOCTYPE html PUBLIC "-//W3C//DTD XHTML 1.0 Transitional//EN"
    "http://www.w3.org/TR/xhtml1/DTD/xhtml1-transitional.dtd">
<html xmlns="http://www.w3.org/1999/xhtml" xml:lang="en" lang="en">
 <head>
  <title>
</title>
<meta http-equiv="Content-Type" content="text/html;charset=utf-8" />
  <meta name='ocr-system' content='tesseract 3.04.00' />
  <meta name='ocr-capabilities' content='ocr_page ocr_carea ocr_par ocr_line ocrx_word'/>
</head>
<body>
  <div class='ocr_page' id='page_1' title='image "./elementajurisca00craigoog_0100.png"; bbox 0 0 2574 4198; ppageno 0'>
   <div class='ocr_carea' id='block_1_1' title="bbox 447 317 1072 376">
    <p class='ocr_par' dir='ltr' id='par_1_1' title="bbox 447 317 1072 376">
     <span class='ocr_line' id='line_1_1' title="bbox 447 317 1072 376; baseline -0.003 0"><span class='ocrx_word' id='word_1_1' title='bbox 447 331 532 376; x_wconf 80' lang='lat' dir='ltr'>ursan</span> <span class='ocrx_word' id='word_1_2' title='bbox 555 329 712 374; x_wconf 80' lang='lat' dir='ltr'>sncunnus.</span> <span class='ocrx_word' id='word_1_3' title='bbox 1014 317 1072 374; x_wconf 78' lang='lat'>583</span> 
     </span>
    </p>
   </div>
   <div class='ocr_carea' id='block_1_2' title="bbox 81 427 1129 3874">
    <p class='ocr_par' dir='ltr' id='par_1_2' title="bbox 91 427 1072 669">
     <span class='ocr_line' id='line_1_2' title="bbox 92 427 1072 512; baseline -0.007 -19"><span class='ocrx_word' id='word_1_4' title='bbox 92 448 181 506; x_wconf 87' lang='lat' dir='ltr'>rum;</span> <span class='ocrx_word' id='word_1_5' title='bbox 195 436 228 491; x_wconf 78' lang='lat' dir='ltr'>t·</span> <span class='ocrx_word' id='word_1_6' title='bbox 238 430 416 501; x_wconf 80' lang='lat' dir='ltr'>Carmelitae,</span> <span class='ocrx_word' id='word_1_7' title='bbox 430 432 482 512; x_wconf 85' lang='lat' dir='ltr'>qui</span> <span class='ocrx_word' id='word_1_8' title='bbox 492 431 530 492; x_wconf 92' lang='lat' dir='ltr'>ab</span> <span class='ocrx_word' id='word_1_9' title='bbox 539 431 661 492; x_wconf 89' lang='lat' dir='ltr'>Oriente</span> <span class='ocrx_word' id='word_1_10' title='bbox 672 429 751 490; x_wconf 85' lang='lat' dir='ltr'>circa</span> <span class='ocrx_word' id='word_1_11' title='bbox 766 427 909 488; x_wconf 85' lang='lat' dir='ltr'>saeculum</span> <span class='ocrx_word' id='word_1_12' title='bbox 920 427 974 487; x_wconf 88' lang='lat' dir='ltr'>XII</span> <span class='ocrx_word' id='word_1_13' title='bbox 984 445 1072 488; x_wconf 83' lang='lat' dir='ltr'>vene-</span> 
     </span>
     <span class='ocr_line' id='line_1_3' title="bbox 91 514 1069 599; baseline -0.004 -19"><span class='ocrx_word' id='word_1_14' title='bbox 91 525 183 594; x_wconf 88' lang='lat' dir='ltr'>rant,</span> <span class='ocrx_word' id='word_1_15' title='bbox 200 518 230 580; x_wconf 93' lang='lat' dir='ltr'>in</span> <span class='ocrx_word' id='word_1_16' title='bbox 247 519 385 599; x_wconf 91' lang='lat' dir='ltr'>pluribus</span> <span class='ocrx_word' id='word_1_17' title='bbox 400 527 591 590; x_wconf 86' lang='lat' dir='ltr'>serraverunt</span> <span class='ocrx_word' id='word_1_18' title='bbox 610 519 683 580; x_wconf 88' lang='lat' dir='ltr'>ritus</span> <span class='ocrx_word' id='word_1_19' title='bbox 698 516 838 578; x_wconf 83' lang='lat' dir='ltr'>Ecclesiae</span> <span class='ocrx_word' id='word_1_20' title='bbox 854 514 1069 596; x_wconf 88' lang='lat' dir='ltr'>Hierosolymi-</span> 
     </span>
     <span class='ocr_line' id='line_1_4' title="bbox 91 612 184 669; baseline 0 -1"><span class='ocrx_word' id='word_1_21' title='bbox 91 612 184 669; x_wconf 78' lang='lat' dir='ltr'>tanae.</span> 
     </span>
    </p>

    <p class='ocr_par' dir='ltr' id='par_1_3' title="bbox 88 694 1069 1040">
     <span class='ocr_line' id='line_1_5' title="bbox 132 694 1067 776; baseline 0 -20"><span class='ocrx_word' id='word_1_22' title='bbox 132 697 218 757; x_wconf 86' lang='lat' dir='ltr'>Patet</span> <span class='ocrx_word' id='word_1_23' title='bbox 228 713 264 756; x_wconf 84' lang='lat' dir='ltr'>ex</span> <span class='ocrx_word' id='word_1_24' title='bbox 276 696 421 776; x_wconf 82' lang='lat' dir='ltr'>gravitate</span> <span class='ocrx_word' id='word_1_25' title='bbox 433 698 578 774; x_wconf 81' lang='lat' dir='ltr'>materiae,</span> <span class='ocrx_word' id='word_1_26' title='bbox 590 701 744 760; x_wconf 84' lang='lat' dir='ltr'>etconstot</span> <span class='ocrx_word' id='word_1_27' title='bbox 755 694 893 756; x_wconf 93' lang='lat' dir='ltr'>omnium</span> <span class='ocrx_word' id='word_1_28' title='bbox 905 711 1067 770; x_wconf 89' lang='lat' dir='ltr'>consensu,</span> 
     </span>
     <span class='ocr_line' id='line_1_6' title="bbox 90 781 1069 864; baseline 0.001 -19"><span class='ocrx_word' id='word_1_29' title='bbox 90 783 234 864; x_wconf 84' lang='lat' dir='ltr'>praelatas</span> <span class='ocrx_word' id='word_1_30' title='bbox 251 785 487 848; x_wconf 81' lang='lat' dir='ltr'>Constitutiones</span> <span class='ocrx_word' id='word_1_31' title='bbox 501 787 533 850; x_wconf 90' lang='lat' dir='ltr'>S.</span> <span class='ocrx_word' id='word_1_32' title='bbox 551 786 595 848; x_wconf 88' lang='lat' dir='ltr'>Pii</span> <span class='ocrx_word' id='word_1_33' title='bbox 611 789 635 847; x_wconf 94' lang='lat' dir='ltr'>V</span> <span class='ocrx_word' id='word_1_34' title='bbox 650 784 783 864; x_wconf 84' lang='lat' dir='ltr'>obligare</span> <span class='ocrx_word' id='word_1_35' title='bbox 798 781 855 844; x_wconf 92' lang='lat' dir='ltr'>sub</span> <span class='ocrx_word' id='word_1_36' title='bbox 867 783 967 860; x_wconf 86' lang='lat' dir='ltr'>gravi,</span> <span class='ocrx_word' id='word_1_37' title='bbox 983 782 1069 846; x_wconf 86' lang='lat' dir='ltr'>itaut</span> 
     </span>
     <span class='ocr_line' id='line_1_7' title="bbox 88 869 1066 957; baseline -0.002 -23"><span class='ocrx_word' id='word_1_38' title='bbox 88 871 144 952; x_wconf 89' lang='lat' dir='ltr'>qui</span> <span class='ocrx_word' id='word_1_39' title='bbox 160 872 247 933; x_wconf 89' lang='lat' dir='ltr'>aliter</span> <span class='ocrx_word' id='word_1_40' title='bbox 261 873 396 935; x_wconf 87' lang='lat' dir='ltr'>officium</span> <span class='ocrx_word' id='word_1_41' title='bbox 411 875 550 936; x_wconf 88' lang='lat' dir='ltr'>recitarat</span> <span class='ocrx_word' id='word_1_42' title='bbox 563 893 654 957; x_wconf 88' lang='lat' dir='ltr'>quam</span> <span class='ocrx_word' id='word_1_43' title='bbox 670 870 835 954; x_wconf 86' lang='lat' dir='ltr'>praesoribit</span> <span class='ocrx_word' id='word_1_44' title='bbox 852 869 901 930; x_wconf 92' lang='lat' dir='ltr'>hic</span> <span class='ocrx_word' id='word_1_45' title='bbox 915 869 1066 946; x_wconf 76' lang='lat' dir='ltr'>Pontifex,</span> 
     </span>
     <span class='ocr_line' id='line_1_8' title="bbox 88 959 1026 1040; baseline -0.002 -18"><span class='ocrx_word' id='word_1_46' title='bbox 88 960 215 1022; x_wconf 90' lang='lat' dir='ltr'>muneri</span> <span class='ocrx_word' id='word_1_47' title='bbox 230 979 286 1023; x_wconf 91' lang='lat' dir='ltr'>suo</span> <span class='ocrx_word' id='word_1_48' title='bbox 302 981 363 1022; x_wconf 92' lang='lat' dir='ltr'>non</span> <span class='ocrx_word' id='word_1_49' title='bbox 378 961 576 1039; x_wconf 79' lang='lat' dir='ltr'>satisfaceret,</span> <span class='ocrx_word' id='word_1_50' title='bbox 587 981 623 1026; x_wconf 85' lang='lat' dir='ltr'>ex</span> <span class='ocrx_word' id='word_1_51' title='bbox 638 970 741 1024; x_wconf 89' lang='lat' dir='ltr'>tenore</span> <span class='ocrx_word' id='word_1_52' title='bbox 756 959 912 1040; x_wconf 76' lang='lat' dir='ltr'><strong>ipsiusmet</strong></span> <span class='ocrx_word' id='word_1_53' title='bbox 924 959 1026 1020; x_wconf 89' lang='lat' dir='ltr'>Bullae.</span> 
     </span>
    </p>

    <p class='ocr_par' dir='ltr' id='par_1_4' title="bbox 81 1047 1129 3254">
     <span class='ocr_line' id='line_1_9' title="bbox 129 1047 1068 1129; baseline 0.001 -20"><span class='ocrx_word' id='word_1_54' title='bbox 129 1053 203 1110; x_wconf 82' lang='lat' dir='ltr'>rtt.</span> <span class='ocrx_word' id='word_1_55' title='bbox 217 1050 311 1112; x_wconf 86' lang='lat' dir='ltr'>Porrd</span> <span class='ocrx_word' id='word_1_56' title='bbox 320 1049 378 1112; x_wconf 88' lang='lat' dir='ltr'>illae</span> <span class='ocrx_word' id='word_1_57' title='bbox 388 1051 687 1115; x_wconf 88' lang='lat' dir='ltr'>Constitutionesvim</span> <span class='ocrx_word' id='word_1_58' title='bbox 699 1047 850 1129; x_wconf 84' lang='lat' dir='ltr'>obligandi</span> <span class='ocrx_word' id='word_1_59' title='bbox 859 1047 1068 1110; x_wconf 84' lang='lat' dir='ltr'>habentetiam</span> 
     </span>
     <span class='ocr_line' id='line_1_10' title="bbox 89 1135 1067 1221; baseline 0.002 -24"><span class='ocrx_word' id='word_1_60' title='bbox 89 1135 120 1197; x_wconf 89' lang='lat' dir='ltr'>in</span> <span class='ocrx_word' id='word_1_61' title='bbox 135 1137 251 1198; x_wconf 70' lang='lat' dir='ltr'>Gallia:</span> <span class='ocrx_word' id='word_1_62' title='bbox 269 1155 339 1199; x_wconf 87' lang='lat' dir='ltr'>nam</span> <span class='ocrx_word' id='word_1_63' title='bbox 352 1141 382 1200; x_wconf 80' lang='lat' dir='ltr'>l·</span> <span class='ocrx_word' id='word_1_64' title='bbox 392 1145 463 1201; x_wconf 91' lang='lat' dir='ltr'>sunt</span> <span class='ocrx_word' id='word_1_65' title='bbox 477 1139 659 1203; x_wconf 80' lang='lat' dir='ltr'>universales</span> <span class='ocrx_word' id='word_1_66' title='bbox 669 1138 768 1221; x_wconf 90' lang='lat' dir='ltr'>quoad</span> <span class='ocrx_word' id='word_1_67' title='bbox 781 1136 929 1199; x_wconf 79' lang='lat' dir='ltr'>Ecclesias</span> <span class='ocrx_word' id='word_1_68' title='bbox 943 1135 1067 1200; x_wconf 88' lang='lat' dir='ltr'>adstric-</span> 
     </span>
     <span class='ocr_line' id='line_1_11' title="bbox 89 1225 1068 1308; baseline 0.002 -22"><span class='ocrx_word' id='word_1_69' title='bbox 89 1231 136 1288; x_wconf 88' lang='lat' dir='ltr'>tas</span> <span class='ocrx_word' id='word_1_70' title='bbox 150 1225 283 1306; x_wconf 81' lang='lat' dir='ltr'>liturgiae</span> <span class='ocrx_word' id='word_1_71' title='bbox 293 1245 362 1308; x_wconf 86' lang='lat' dir='ltr'>quae</span> <span class='ocrx_word' id='word_1_72' title='bbox 373 1233 510 1308; x_wconf 92' lang='lat' dir='ltr'>tempore</span> <span class='ocrx_word' id='word_1_73' title='bbox 521 1231 552 1292; x_wconf 89' lang='lat' dir='ltr'>S.</span> <span class='ocrx_word' id='word_1_74' title='bbox 565 1229 638 1290; x_wconf 88' lang='lat' dir='ltr'>PiiV</span> <span class='ocrx_word' id='word_1_75' title='bbox 649 1230 783 1290; x_wconf 88' lang='lat' dir='ltr'>Romana</span> <span class='ocrx_word' id='word_1_76' title='bbox 798 1225 967 1302; x_wconf 89' lang='lat' dir='ltr'>dicebatur;</span> <span class='ocrx_word' id='word_1_77' title='bbox 983 1230 1015 1288; x_wconf 72' lang='lat'>2⁰</span> <span class='ocrx_word' id='word_1_78' title='bbox 1027 1244 1068 1288; x_wconf 89' lang='lat' dir='ltr'>re·</span> 
     </span>
     <span class='ocr_line' id='line_1_12' title="bbox 86 1313 1066 1398; baseline 0 -22"><span class='ocrx_word' id='word_1_79' title='bbox 86 1321 188 1395; x_wconf 85' lang='lat' dir='ltr'>ceptae</span> <span class='ocrx_word' id='word_1_80' title='bbox 203 1313 328 1378; x_wconf 86' lang='lat' dir='ltr'>luerunt</span> <span class='ocrx_word' id='word_1_81' title='bbox 342 1315 373 1376; x_wconf 91' lang='lat' dir='ltr'>in</span> <span class='ocrx_word' id='word_1_82' title='bbox 389 1317 492 1388; x_wconf 67' lang='lat' dir='ltr'>Gallis,</span> <span class='ocrx_word' id='word_1_83' title='bbox 510 1336 620 1398; x_wconf 82' lang='lat' dir='ltr'>nempe</span> <span class='ocrx_word' id='word_1_84' title='bbox 634 1319 650 1379; x_wconf 77' lang='lat' dir='ltr'>a</span> <span class='ocrx_word' id='word_1_85' title='bbox 665 1315 818 1378; x_wconf 76' lang='lat' dir='ltr'>Provincia</span> <span class='ocrx_word' id='word_1_86' title='bbox 833 1313 1066 1397; x_wconf 85' lang='lat' dir='ltr'>Rothomogensi</span> 
     </span>
     <span class='ocr_line' id='line_1_13' title="bbox 87 1402 1064 1480; baseline 0.002 -16"><span class='ocrx_word' id='word_1_87' title='bbox 87 1402 120 1465; x_wconf 94' lang='lat' dir='ltr'>in</span> <span class='ocrx_word' id='word_1_88' title='bbox 135 1403 276 1465; x_wconf 80' lang='lat' dir='ltr'>Concilio</span> <span class='ocrx_word' id='word_1_89' title='bbox 292 1408 362 1467; x_wconf 85' lang='grc'><strong>1581</strong></span> <span class='ocrx_word' id='word_1_90' title='bbox 375 1425 383 1480; x_wconf 88' lang='grc'><strong>;</strong></span> <span class='ocrx_word' id='word_1_91' title='bbox 396 1406 579 1468; x_wconf 76' lang='lat' dir='ltr'>dProvincia</span> <span class='ocrx_word' id='word_1_92' title='bbox 593 1404 762 1469; x_wconf 88' lang='lat' dir='ltr'>Turonensi</span> <span class='ocrx_word' id='word_1_93' title='bbox 778 1405 810 1465; x_wconf 95' lang='lat' dir='ltr'>in</span> <span class='ocrx_word' id='word_1_94' title='bbox 822 1403 955 1466; x_wconf 84' lang='lat' dir='ltr'>Concilio</span> <span class='ocrx_word' id='word_1_95' title='bbox 970 1409 1064 1480; x_wconf 70' lang='lat'>1583,</span> 
     </span>
     <span class='ocr_line' id='line_1_14' title="bbox 85 1490 1066 1574; baseline 0.003 -23"><span class='ocrx_word' id='word_1_96' title='bbox 85 1492 103 1552; x_wconf 77' lang='lat' dir='ltr'>a</span> <span class='ocrx_word' id='word_1_97' title='bbox 119 1490 285 1553; x_wconf 79' lang='lat' dir='ltr'>Provincia</span> <span class='ocrx_word' id='word_1_98' title='bbox 297 1493 440 1554; x_wconf 86' lang='lat' dir='ltr'>Remensi</span> <span class='ocrx_word' id='word_1_99' title='bbox 454 1500 484 1556; x_wconf 90' lang='lat' dir='ltr'>et</span> <span class='ocrx_word' id='word_1_100' title='bbox 496 1495 704 1574; x_wconf 82' lang='lat' dir='ltr'>Burdigatensi</span> <span class='ocrx_word' id='word_1_101' title='bbox 717 1495 748 1554; x_wconf 92' lang='lat' dir='ltr'>in</span> <span class='ocrx_word' id='word_1_102' title='bbox 768 1493 909 1556; x_wconf 88' lang='lat' dir='ltr'>Conciliis</span> <span class='ocrx_word' id='word_1_103' title='bbox 930 1493 1066 1571; x_wconf 86' lang='lat' dir='ltr'>ejusdem</span> 
     </span>
     <span class='ocr_line' id='line_1_15' title="bbox 87 1581 1064 1656; baseline 0.003 -15"><span class='ocrx_word' id='word_1_104' title='bbox 87 1581 180 1653; x_wconf 91' lang='lat' dir='ltr'>anni;</span> <span class='ocrx_word' id='word_1_105' title='bbox 192 1583 210 1641; x_wconf 74' lang='lat' dir='ltr'>b</span> <span class='ocrx_word' id='word_1_106' title='bbox 224 1581 382 1644; x_wconf 78' lang='lat' dir='ltr'>Provincid</span> <span class='ocrx_word' id='word_1_107' title='bbox 400 1583 577 1646; x_wconf 87' lang='lat' dir='ltr'>Bituricensi</span> <span class='ocrx_word' id='word_1_108' title='bbox 597 1583 626 1645; x_wconf 96' lang='lat' dir='ltr'>in</span> <span class='ocrx_word' id='word_1_109' title='bbox 641 1583 776 1646; x_wconf 82' lang='lat' dir='ltr'>Concilio</span> <span class='ocrx_word' id='word_1_110' title='bbox 796 1585 889 1656; x_wconf 74' lang='lat'><strong>15843</strong></span> <span class='ocrx_word' id='word_1_111' title='bbox 908 1583 1064 1644; x_wconf 61' lang='lat' dir='ltr'>&amp;Provin-</span> 
     </span>
     <span class='ocr_line' id='line_1_16' title="bbox 81 1669 1065 1748; baseline 0.002 -18"><span class='ocrx_word' id='word_1_112' title='bbox 81 1669 134 1731; x_wconf 77' lang='lat' dir='ltr'>cia</span> <span class='ocrx_word' id='word_1_113' title='bbox 155 1669 293 1748; x_wconf 83' lang='lat' dir='ltr'>Aqucnsi</span> <span class='ocrx_word' id='word_1_114' title='bbox 316 1670 347 1730; x_wconf 94' lang='lat' dir='ltr'>in</span> <span class='ocrx_word' id='word_1_115' title='bbox 373 1670 506 1733; x_wconf 90' lang='lat' dir='ltr'>Concilio</span> <span class='ocrx_word' id='word_1_116' title='bbox 528 1676 625 1745; x_wconf 55' lang='lat' dir='ltr'>tastu</span> <span class='ocrx_word' id='word_1_117' title='bbox 650 1673 668 1734; x_wconf 78' lang='lat' dir='ltr'>a</span> <span class='ocrx_word' id='word_1_118' title='bbox 691 1670 847 1734; x_wconf 80' lang='lat' dir='ltr'>Provincia</span> <span class='ocrx_word' id='word_1_119' title='bbox 868 1671 1015 1731; x_wconf 77' lang='lat' dir='ltr'>&#39;tolosana</span> <span class='ocrx_word' id='word_1_120' title='bbox 1034 1672 1065 1732; x_wconf 95' lang='lat' dir='ltr'>in</span> 
     </span>
     <span class='ocr_line' id='line_1_17' title="bbox 86 1757 1065 1838; baseline 0.001 -21"><span class='ocrx_word' id='word_1_121' title='bbox 86 1757 227 1819; x_wconf 90' lang='lat' dir='ltr'>Concilio</span> <span class='ocrx_word' id='word_1_122' title='bbox 244 1761 341 1831; x_wconf 79' lang='lat'>15903</span> <span class='ocrx_word' id='word_1_123' title='bbox 356 1759 374 1820; x_wconf 74' lang='lat' dir='ltr'>a</span> <span class='ocrx_word' id='word_1_124' title='bbox 390 1757 546 1823; x_wconf 74' lang='lat' dir='ltr'>Provincia</span> <span class='ocrx_word' id='word_1_125' title='bbox 562 1761 730 1835; x_wconf 77' lang='lat' dir='ltr'>Auxitand,</span> <span class='ocrx_word' id='word_1_126' title='bbox 746 1765 780 1820; x_wconf 91' lang='lat' dir='ltr'>ut</span> <span class='ocrx_word' id='word_1_127' title='bbox 792 1763 909 1820; x_wconf 87' lang='lat' dir='ltr'>constat</span> <span class='ocrx_word' id='word_1_128' title='bbox 929 1777 982 1838; x_wconf 92' lang='lat' dir='ltr'>per</span> <span class='ocrx_word' id='word_1_129' title='bbox 1000 1761 1065 1819; x_wconf 81' lang='lat' dir='ltr'>Sto-</span> 
     </span>
     <span class='ocr_line' id='line_1_18' title="bbox 87 1847 1065 1928; baseline 0.004 -22"><span class='ocrx_word' id='word_1_130' title='bbox 87 1852 191 1908; x_wconf 91' lang='lat' dir='ltr'>tutum</span> <span class='ocrx_word' id='word_1_131' title='bbox 215 1847 344 1928; x_wconf 87' lang='lat' dir='ltr'>Capituli</span> <span class='ocrx_word' id='word_1_132' title='bbox 365 1849 584 1924; x_wconf 81' lang='lat' dir='ltr'>Lascariensis3</span> <span class='ocrx_word' id='word_1_133' title='bbox 607 1851 624 1910; x_wconf 75' lang='lat' dir='ltr'>a</span> <span class='ocrx_word' id='word_1_134' title='bbox 647 1847 802 1910; x_wconf 73' lang='lat' dir='ltr'>Provincia</span> <span class='ocrx_word' id='word_1_135' title='bbox 824 1847 1010 1908; x_wconf 81' lang='lat' dir='ltr'>Narbonensi</span> <span class='ocrx_word' id='word_1_136' title='bbox 1034 1849 1065 1910; x_wconf 89' lang='lat' dir='ltr'>in</span> 
     </span>
     <span class='ocr_line' id='line_1_19' title="bbox 86 1933 1066 2018; baseline 0.006 -24"><span class='ocrx_word' id='word_1_137' title='bbox 86 1933 228 1997; x_wconf 89' lang='lat' dir='ltr'>Concilio</span> <span class='ocrx_word' id='word_1_138' title='bbox 260 1938 349 1998; x_wconf 87' lang='grc'><strong>1609.</strong></span> <span class='ocrx_word' id='word_1_139' title='bbox 377 1937 497 2000; x_wconf 86' lang='lat' dir='ltr'>Constat</span> <span class='ocrx_word' id='word_1_140' title='bbox 529 1937 653 2018; x_wconf 84' lang='lat' dir='ltr'>insuper</span> <span class='ocrx_word' id='word_1_141' title='bbox 682 1935 864 1998; x_wconf 85' lang='lat' dir='ltr'>breviarium</span> <span class='ocrx_word' id='word_1_142' title='bbox 889 1941 920 1998; x_wconf 90' lang='lat' dir='ltr'>et</span> <span class='ocrx_word' id='word_1_143' title='bbox 946 1937 1066 2000; x_wconf 81' lang='lat' dir='ltr'>missale</span> 
     </span>
     <span class='ocr_line' id='line_1_20' title="bbox 86 2022 1064 2106; baseline 0.004 -22"><span class='ocrx_word' id='word_1_144' title='bbox 86 2024 117 2084; x_wconf 91' lang='lat' dir='ltr'>S.</span> <span class='ocrx_word' id='word_1_145' title='bbox 136 2023 183 2084; x_wconf 90' lang='lat' dir='ltr'>Pii</span> <span class='ocrx_word' id='word_1_146' title='bbox 198 2025 224 2084; x_wconf 90' lang='lat' dir='ltr'>V</span> <span class='ocrx_word' id='word_1_147' title='bbox 240 2022 334 2086; x_wconf 88' lang='lat' dir='ltr'>luisse</span> <span class='ocrx_word' id='word_1_148' title='bbox 350 2031 470 2106; x_wconf 87' lang='lat' dir='ltr'>recepta</span> <span class='ocrx_word' id='word_1_149' title='bbox 484 2026 516 2088; x_wconf 92' lang='lat' dir='ltr'>in</span> <span class='ocrx_word' id='word_1_150' title='bbox 534 2025 698 2088; x_wconf 86' lang='lat' dir='ltr'>Provinciis</span> <span class='ocrx_word' id='word_1_151' title='bbox 723 2025 946 2102; x_wconf 84' lang='lat' dir='ltr'>Avenionensi,</span> <span class='ocrx_word' id='word_1_152' title='bbox 962 2027 1064 2088; x_wconf 84' lang='lat' dir='ltr'>Arela-</span> 
     </span>
     <span class='ocr_line' id='line_1_21' title="bbox 86 2111 1066 2195; baseline 0.007 -25"><span class='ocrx_word' id='word_1_153' title='bbox 86 2111 163 2174; x_wconf 90' lang='lat' dir='ltr'>tensi</span> <span class='ocrx_word' id='word_1_154' title='bbox 180 2117 210 2172; x_wconf 89' lang='lat' dir='ltr'>ct</span> <span class='ocrx_word' id='word_1_155' title='bbox 225 2111 455 2188; x_wconf 84' lang='lat' dir='ltr'>Ebredunensi,</span> <span class='ocrx_word' id='word_1_156' title='bbox 470 2114 597 2195; x_wconf 84' lang='lat' dir='ltr'>proinde</span> <span class='ocrx_word' id='word_1_157' title='bbox 612 2114 643 2176; x_wconf 94' lang='lat' dir='ltr'>in</span> <span class='ocrx_word' id='word_1_158' title='bbox 657 2113 817 2176; x_wconf 87' lang='lat' dir='ltr'>duodecim</span> <span class='ocrx_word' id='word_1_159' title='bbox 833 2115 934 2176; x_wconf 87' lang='lat' dir='ltr'>Galliae</span> <span class='ocrx_word' id='word_1_160' title='bbox 947 2117 1066 2178; x_wconf 87' lang='lat' dir='ltr'>Provin-</span> 
     </span>
     <span class='ocr_line' id='line_1_22' title="bbox 86 2199 1062 2286; baseline 0.006 -26"><span class='ocrx_word' id='word_1_161' title='bbox 86 2201 141 2262; x_wconf 89' lang='lat' dir='ltr'>ciis</span> <span class='ocrx_word' id='word_1_162' title='bbox 154 2208 280 2278; x_wconf 89' lang='lat' dir='ltr'>recepta</span> <span class='ocrx_word' id='word_1_163' title='bbox 292 2199 358 2271; x_wconf 87' lang='lat' dir='ltr'>luit,</span> <span class='ocrx_word' id='word_1_164' title='bbox 375 2202 481 2264; x_wconf 83' lang='lat' dir='ltr'>saltem</span> <span class='ocrx_word' id='word_1_165' title='bbox 494 2221 529 2264; x_wconf 84' lang='lat' dir='ltr'>ex</span> <span class='ocrx_word' id='word_1_166' title='bbox 547 2204 678 2265; x_wconf 74' lang='lat' dir='ltr'>maxima</span> <span class='ocrx_word' id='word_1_167' title='bbox 692 2210 785 2283; x_wconf 86' lang='lat' dir='ltr'>parte,</span> <span class='ocrx_word' id='word_1_168' title='bbox 799 2201 916 2286; x_wconf 79' lang='lat' dir='ltr'>liturgia</span> <span class='ocrx_word' id='word_1_169' title='bbox 929 2205 960 2266; x_wconf 92' lang='lat' dir='ltr'>S.</span> <span class='ocrx_word' id='word_1_170' title='bbox 971 2205 1014 2265; x_wconf 86' lang='lat' dir='ltr'>Pii</span> <span class='ocrx_word' id='word_1_171' title='bbox 1027 2208 1062 2280; x_wconf 88' lang='lat' dir='ltr'>V,</span> 
     </span>
     <span class='ocr_line' id='line_1_23' title="bbox 86 2289 1065 2374; baseline 0.004 -24"><span class='ocrx_word' id='word_1_172' title='bbox 86 2291 230 2367; x_wconf 87' lang='lat' dir='ltr'>quamvis</span> <span class='ocrx_word' id='word_1_173' title='bbox 244 2307 276 2348; x_wconf 93' lang='lat' dir='ltr'>m</span> <span class='ocrx_word' id='word_1_174' title='bbox 293 2289 428 2370; x_wconf 89' lang='lat' dir='ltr'>pluribus</span> <span class='ocrx_word' id='word_1_175' title='bbox 442 2309 478 2352; x_wconf 84' lang='lat' dir='ltr'>ex</span> <span class='ocrx_word' id='word_1_176' title='bbox 497 2290 603 2352; x_wconf 91' lang='lat' dir='ltr'>iisdem</span> <span class='ocrx_word' id='word_1_177' title='bbox 618 2291 752 2354; x_wconf 89' lang='lat' dir='ltr'>ecclesiis</span> <span class='ocrx_word' id='word_1_178' title='bbox 775 2293 896 2353; x_wconf 90' lang='lat' dir='ltr'>retinen</span> <span class='ocrx_word' id='word_1_179' title='bbox 923 2295 1065 2374; x_wconf 89' lang='lat' dir='ltr'>potuisset</span> 
     </span>
     <span class='ocr_line' id='line_1_24' title="bbox 86 2377 1064 2462; baseline 0.006 -26"><span class='ocrx_word' id='word_1_180' title='bbox 86 2377 210 2456; x_wconf 84' lang='lat' dir='ltr'>liturgia</span> <span class='ocrx_word' id='word_1_181' title='bbox 227 2395 366 2458; x_wconf 84' lang='lat' dir='ltr'>propria,</span> <span class='ocrx_word' id='word_1_182' title='bbox 381 2385 484 2459; x_wconf 80' lang='lat' dir='ltr'>utpote</span> <span class='ocrx_word' id='word_1_183' title='bbox 502 2380 655 2461; x_wconf 83' lang='lat' dir='ltr'>antiquior</span> <span class='ocrx_word' id='word_1_184' title='bbox 673 2379 810 2441; x_wconf 91' lang='lat' dir='ltr'>ducentis</span> <span class='ocrx_word' id='word_1_185' title='bbox 828 2382 937 2455; x_wconf 90' lang='lat' dir='ltr'>annis;</span> <span class='ocrx_word' id='word_1_186' title='bbox 964 2382 1064 2462; x_wconf 86' lang='lat' dir='ltr'>quoad</span> 
     </span>
     <span class='ocr_line' id='line_1_25' title="bbox 85 2465 1129 2550; baseline 0.005 -23"><span class='ocrx_word' id='word_1_187' title='bbox 85 2472 191 2527; x_wconf 87' lang='lat' dir='ltr'>autem</span> <span class='ocrx_word' id='word_1_188' title='bbox 206 2473 268 2527; x_wconf 89' lang='lat' dir='ltr'>tres</span> <span class='ocrx_word' id='word_1_189' title='bbox 282 2465 355 2526; x_wconf 89' lang='lat' dir='ltr'>alias</span> <span class='ocrx_word' id='word_1_190' title='bbox 367 2485 435 2548; x_wconf 84' lang='lat' dir='ltr'>quae</span> <span class='ocrx_word' id='word_1_191' title='bbox 454 2476 630 2549; x_wconf 87' lang='lat' dir='ltr'>supererant</span> <span class='ocrx_word' id='word_1_192' title='bbox 644 2469 831 2550; x_wconf 88' lang='lat' dir='ltr'>provincias,</span> <span class='ocrx_word' id='word_1_193' title='bbox 853 2488 962 2549; x_wconf 88' lang='lat' dir='ltr'>nempe</span> <span class='ocrx_word' id='word_1_194' title='bbox 980 2473 1064 2550; x_wconf 82' lang='lat' dir='ltr'>Lug·</span> <span class='ocrx_word' id='word_1_195' title='bbox 1126 2490 1129 2496; x_wconf 51' lang='lat'><strong><em>¹</em></strong></span> 
     </span>
     <span class='ocr_line' id='line_1_26' title="bbox 84 2553 1065 2637; baseline 0.005 -22"><span class='ocrx_word' id='word_1_196' title='bbox 84 2553 480 2631; x_wconf 88' lang='lat' dir='ltr'>dunensem,Viennensem</span> <span class='ocrx_word' id='word_1_197' title='bbox 494 2564 523 2618; x_wconf 90' lang='lat' dir='ltr'>et</span> <span class='ocrx_word' id='word_1_198' title='bbox 537 2557 744 2619; x_wconf 84' lang='lat' dir='ltr'>Senonensem</span> <span class='ocrx_word' id='word_1_199' title='bbox 758 2557 806 2617; x_wconf 91' lang='lat' dir='ltr'>:in</span> <span class='ocrx_word' id='word_1_200' title='bbox 822 2556 858 2618; x_wconf 93' lang='lat' dir='ltr'>iis</span> <span class='ocrx_word' id='word_1_201' title='bbox 868 2559 991 2637; x_wconf 87' lang='lat' dir='ltr'>quidem</span> <span class='ocrx_word' id='word_1_202' title='bbox 1002 2577 1065 2620; x_wconf 91' lang='lat' dir='ltr'>nou</span> 
     </span>
     <span class='ocr_line' id='line_1_27' title="bbox 85 2641 1064 2726; baseline 0.009 -24"><span class='ocrx_word' id='word_1_203' title='bbox 85 2641 281 2723; x_wconf 83' lang='lat' dir='ltr'>tuitrecepta</span> <span class='ocrx_word' id='word_1_204' title='bbox 300 2641 380 2705; x_wconf 85' lang='lat' dir='ltr'>dicta</span> <span class='ocrx_word' id='word_1_205' title='bbox 396 2644 535 2726; x_wconf 82' lang='lat' dir='ltr'>liturgia,</span> <span class='ocrx_word' id='word_1_206' title='bbox 551 2645 603 2706; x_wconf 92' lang='lat' dir='ltr'>sod</span> <span class='ocrx_word' id='word_1_207' title='bbox 623 2664 684 2707; x_wconf 94' lang='lat' dir='ltr'>non</span> <span class='ocrx_word' id='word_1_208' title='bbox 708 2641 774 2706; x_wconf 89' lang='lat' dir='ltr'>ideo</span> <span class='ocrx_word' id='word_1_209' title='bbox 794 2644 832 2707; x_wconf 90' lang='lat' dir='ltr'>ab</span> <span class='ocrx_word' id='word_1_210' title='bbox 853 2646 925 2726; x_wconf 93' lang='lat' dir='ltr'>ipsis</span> <span class='ocrx_word' id='word_1_211' title='bbox 947 2647 1064 2726; x_wconf 73' lang='lat' dir='ltr'>rejectae</span> 
     </span>
     <span class='ocr_line' id='line_1_28' title="bbox 85 2730 1062 2814; baseline 0.008 -23"><span class='ocrx_word' id='word_1_212' title='bbox 85 2730 212 2793; x_wconf 88' lang='lat' dir='ltr'>luerunt</span> <span class='ocrx_word' id='word_1_213' title='bbox 227 2731 357 2810; x_wconf 84' lang='lat' dir='ltr'>praelatae</span> <span class='ocrx_word' id='word_1_214' title='bbox 369 2734 614 2808; x_wconf 75' lang='lat' dir='ltr'>constitutiones,</span> <span class='ocrx_word' id='word_1_215' title='bbox 630 2736 793 2814; x_wconf 76' lang='lat' dir='ltr'>criminata</span> <span class='ocrx_word' id='word_1_216' title='bbox 805 2735 980 2796; x_wconf 90' lang='lat' dir='ltr'>earumdem</span> <span class='ocrx_word' id='word_1_217' title='bbox 998 2738 1062 2799; x_wconf 89' lang='lat' dir='ltr'>Bul·</span> 
     </span>
     <span class='ocr_line' id='line_1_29' title="bbox 85 2820 1065 2902; baseline 0.009 -23"><span class='ocrx_word' id='word_1_218' title='bbox 85 2820 184 2882; x_wconf 88' lang='lat' dir='ltr'>larum</span> <span class='ocrx_word' id='word_1_219' title='bbox 200 2826 338 2881; x_wconf 89' lang='lat' dir='ltr'>tenorem</span> <span class='ocrx_word' id='word_1_220' title='bbox 354 2828 509 2901; x_wconf 85' lang='lat' dir='ltr'>poterant,</span> <span class='ocrx_word' id='word_1_221' title='bbox 525 2823 564 2884; x_wconf 97' lang='lat' dir='ltr'>ob</span> <span class='ocrx_word' id='word_1_222' title='bbox 578 2825 797 2902; x_wconf 86' lang='lat' dir='ltr'>possessionem</span> <span class='ocrx_word' id='word_1_223' title='bbox 820 2823 958 2884; x_wconf 88' lang='lat' dir='ltr'>ducentis</span> <span class='ocrx_word' id='word_1_224' title='bbox 976 2828 1065 2888; x_wconf 92' lang='lat' dir='ltr'>annis</span> 
     </span>
     <span class='ocr_line' id='line_1_30' title="bbox 85 2908 1065 2988; baseline 0.002 -17"><span class='ocrx_word' id='word_1_225' title='bbox 85 2908 305 2988; x_wconf 81' lang='lat' dir='ltr'>antiquiorem,</span> <span class='ocrx_word' id='word_1_226' title='bbox 316 2927 371 2970; x_wconf 85' lang='lat' dir='ltr'>sua</span> <span class='ocrx_word' id='word_1_227' title='bbox 384 2910 530 2972; x_wconf 86' lang='lat' dir='ltr'>breviaria</span> <span class='ocrx_word' id='word_1_228' title='bbox 542 2917 571 2972; x_wconf 91' lang='lat' dir='ltr'>et</span> <span class='ocrx_word' id='word_1_229' title='bbox 585 2909 716 2970; x_wconf 81' lang='lat' dir='ltr'>missalia</span> <span class='ocrx_word' id='word_1_230' title='bbox 730 2911 876 2968; x_wconf 88' lang='lat' dir='ltr'>retinere:</span> <span class='ocrx_word' id='word_1_231' title='bbox 892 2911 954 2970; x_wconf 82' lang='lat' dir='ltr'>imd</span> <span class='ocrx_word' id='word_1_232' title='bbox 965 2912 994 2970; x_wconf 91' lang='lat' dir='ltr'>iu</span> <span class='ocrx_word' id='word_1_233' title='bbox 1009 2913 1065 2974; x_wconf 79' lang='lat' dir='ltr'>hlc</span> 
     </span>
     <span class='ocr_line' id='line_1_31' title="bbox 85 2995 1065 3080; baseline 0.002 -23"><span class='ocrx_word' id='word_1_234' title='bbox 85 2997 217 3058; x_wconf 85' lang='lat' dir='ltr'>llioeoesi</span> <span class='ocrx_word' id='word_1_235' title='bbox 235 2996 456 3076; x_wconf 80' lang='lat' dir='ltr'>valentinensi,</span> <span class='ocrx_word' id='word_1_236' title='bbox 469 3017 538 3080; x_wconf 85' lang='lat' dir='ltr'>quae</span> <span class='ocrx_word' id='word_1_237' title='bbox 553 2998 623 3060; x_wconf 91' lang='lat' dir='ltr'>olim</span> <span class='ocrx_word' id='word_1_238' title='bbox 640 3015 708 3078; x_wconf 87' lang='lat' dir='ltr'>pars</span> <span class='ocrx_word' id='word_1_239' title='bbox 723 3005 786 3058; x_wconf 89' lang='lat' dir='ltr'>erat</span> <span class='ocrx_word' id='word_1_240' title='bbox 800 2995 963 3058; x_wconf 76' lang='lat' dir='ltr'>Provinciae</span> <span class='ocrx_word' id='word_1_241' title='bbox 978 2999 1065 3059; x_wconf 88' lang='lat' dir='ltr'>Vien-</span> 
     </span>
     <span class='ocr_line' id='line_1_32' title="bbox 87 3084 1065 3166; baseline 0.003 -20"><span class='ocrx_word' id='word_1_242' title='bbox 87 3086 210 3162; x_wconf 87' lang='lat' dir='ltr'>nensis,</span> <span class='ocrx_word' id='word_1_243' title='bbox 231 3093 350 3166; x_wconf 89' lang='lat' dir='ltr'>reoepta</span> <span class='ocrx_word' id='word_1_244' title='bbox 369 3085 443 3158; x_wconf 86' lang='lat' dir='ltr'>luit,</span> <span class='ocrx_word' id='word_1_245' title='bbox 463 3105 545 3148; x_wconf 87' lang='lat' dir='ltr'>anno</span> <span class='ocrx_word' id='word_1_246' title='bbox 565 3091 662 3160; x_wconf 87' lang='grc'><strong>1617,</strong></span> <span class='ocrx_word' id='word_1_247' title='bbox 686 3084 859 3148; x_wconf 88' lang='lat' dir='ltr'>reformatio</span> <span class='ocrx_word' id='word_1_248' title='bbox 880 3087 912 3148; x_wconf 90' lang='lat' dir='ltr'>S.</span> <span class='ocrx_word' id='word_1_249' title='bbox 928 3085 972 3147; x_wconf 94' lang='lat' dir='ltr'>Pii</span> <span class='ocrx_word' id='word_1_250' title='bbox 984 3089 1021 3164; x_wconf 87' lang='lat' dir='ltr'>V,</span> <span class='ocrx_word' id='word_1_251' title='bbox 1036 3095 1065 3149; x_wconf 91' lang='lat' dir='ltr'>et</span> 
     </span>
     <span class='ocr_line' id='line_1_33' title="bbox 86 3175 663 3254; baseline 0.003 -18"><span class='ocrx_word' id='word_1_252' title='bbox 86 3179 264 3236; x_wconf 82' lang='lat' dir='ltr'>conservata</span> <span class='ocrx_word' id='word_1_253' title='bbox 278 3192 377 3254; x_wconf 90' lang='lat' dir='ltr'>usque</span> <span class='ocrx_word' id='word_1_254' title='bbox 391 3175 429 3236; x_wconf 89' lang='lat' dir='ltr'>ad</span> <span class='ocrx_word' id='word_1_255' title='bbox 443 3193 560 3236; x_wconf 85' lang='lat' dir='ltr'>annum</span> <span class='ocrx_word' id='word_1_256' title='bbox 577 3179 663 3238; x_wconf 82' lang='grc'><strong>1787.</strong></span> 
     </span>
    </p>

    <p class='ocr_par' dir='ltr' id='par_1_5' title="bbox 127 3262 972 3342">
     <span class='ocr_line' id='line_1_34' title="bbox 127 3262 972 3342; baseline 0.004 -18"><span class='ocrx_word' id='word_1_257' title='bbox 127 3262 235 3335; x_wconf 89' lang='lat' dir='ltr'>Quoad</span> <span class='ocrx_word' id='word_1_258' title='bbox 250 3262 386 3342; x_wconf 81' lang='lat' dir='ltr'>liturgias</span> <span class='ocrx_word' id='word_1_259' title='bbox 398 3263 571 3340; x_wconf 66' lang='lat' dir='ltr'>orientales</span> <span class='ocrx_word' id='word_1_260' title='bbox 588 3263 656 3326; x_wconf 86' lang='lat' dir='ltr'>vide</span> <span class='ocrx_word' id='word_1_261' title='bbox 671 3264 821 3338; x_wconf 82' lang='lat' dir='ltr'>Manuale,</span> <span class='ocrx_word' id='word_1_262' title='bbox 837 3273 870 3324; x_wconf 71' lang='grc' dir='ltr'>η·</span> <span class='ocrx_word' id='word_1_263' title='bbox 882 3267 972 3326; x_wconf 85' lang='grc'><strong>5051.</strong></span> 
     </span>
    </p>

    <p class='ocr_par' dir='ltr' id='par_1_6' title="bbox 87 3351 1066 3874">
     <span class='ocr_line' id='line_1_35' title="bbox 125 3351 1062 3432; baseline 0.004 -19"><span class='ocrx_word' id='word_1_264' title='bbox 125 3353 160 3413; x_wconf 91' lang='lat' dir='ltr'>lu</span> <span class='ocrx_word' id='word_1_265' title='bbox 177 3351 265 3412; x_wconf 82' lang='lat' dir='ltr'>Buttt</span> <span class='ocrx_word' id='word_1_266' title='bbox 279 3359 381 3412; x_wconf 88' lang='lat' dir='ltr'>autem</span> <span class='ocrx_word' id='word_1_267' title='bbox 396 3351 467 3414; x_wconf 80' lang='lat' dir='ltr'>Etsi</span> <span class='ocrx_word' id='word_1_268' title='bbox 476 3352 635 3432; x_wconf 82' lang='lat' dir='ltr'>pastorales</span> <span class='ocrx_word' id='word_1_269' title='bbox 648 3353 784 3431; x_wconf 90' lang='lat' dir='ltr'>ejusdem</span> <span class='ocrx_word' id='word_1_270' title='bbox 799 3353 963 3431; x_wconf 89' lang='lat' dir='ltr'>Pontilicis,</span> <span class='ocrx_word' id='word_1_271' title='bbox 977 3355 1062 3417; x_wconf 90' lang='lat' dir='ltr'>Italo·</span> 
     </span>
     <span class='ocr_line' id='line_1_36' title="bbox 88 3439 1064 3520; baseline 0.003 -19"><span class='ocrx_word' id='word_1_272' title='bbox 88 3439 201 3502; x_wconf 81' lang='lat' dir='ltr'>Graeois</span> <span class='ocrx_word' id='word_1_273' title='bbox 220 3439 397 3520; x_wconf 89' lang='lat' dir='ltr'>prohibetur</span> <span class='ocrx_word' id='word_1_274' title='bbox 415 3458 453 3501; x_wconf 91' lang='lat' dir='ltr'>ne</span> <span class='ocrx_word' id='word_1_275' title='bbox 472 3441 537 3502; x_wconf 90' lang='lat' dir='ltr'>aliis</span> <span class='ocrx_word' id='word_1_276' title='bbox 560 3441 768 3504; x_wconf 88' lang='lat' dir='ltr'>ecclesiasticis</span> <span class='ocrx_word' id='word_1_277' title='bbox 789 3441 892 3518; x_wconf 90' lang='lat' dir='ltr'>libris,</span> <span class='ocrx_word' id='word_1_278' title='bbox 914 3443 944 3503; x_wconf 94' lang='lat' dir='ltr'>in</span> <span class='ocrx_word' id='word_1_279' title='bbox 966 3461 1064 3505; x_wconf 86' lang='lat' dir='ltr'>sacra·</span> 
     </span>
     <span class='ocr_line' id='line_1_37' title="bbox 88 3527 1066 3611; baseline 0.005 -22"><span class='ocrx_word' id='word_1_280' title='bbox 88 3536 265 3591; x_wconf 89' lang='lat' dir='ltr'>mentorum</span> <span class='ocrx_word' id='word_1_281' title='bbox 288 3527 567 3606; x_wconf 87' lang='lat' dir='ltr'>administratione,</span> <span class='ocrx_word' id='word_1_282' title='bbox 589 3537 619 3592; x_wconf 89' lang='lat' dir='ltr'>et</span> <span class='ocrx_word' id='word_1_283' title='bbox 641 3529 740 3590; x_wconf 91' lang='lat' dir='ltr'>missis</span> <span class='ocrx_word' id='word_1_284' title='bbox 763 3529 933 3611; x_wconf 83' lang='lat' dir='ltr'>divinisque</span> <span class='ocrx_word' id='word_1_285' title='bbox 961 3531 1066 3594; x_wconf 87' lang='lat' dir='ltr'>ofliciis</span> 
     </span>
     <span class='ocr_line' id='line_1_38' title="bbox 87 3616 1063 3700; baseline 0.004 -22"><span class='ocrx_word' id='word_1_286' title='bbox 87 3617 279 3678; x_wconf 86' lang='lat' dir='ltr'>celebrandis</span> <span class='ocrx_word' id='word_1_287' title='bbox 292 3621 433 3692; x_wconf 86' lang='lat' dir='ltr'>utantur,</span> <span class='ocrx_word' id='word_1_288' title='bbox 447 3617 503 3678; x_wconf 90' lang='lat' dir='ltr'>nisi</span> <span class='ocrx_word' id='word_1_289' title='bbox 518 3617 554 3678; x_wconf 92' lang='lat' dir='ltr'>iis</span> <span class='ocrx_word' id='word_1_290' title='bbox 568 3617 620 3698; x_wconf 89' lang='lat' dir='ltr'>qui</span> <span class='ocrx_word' id='word_1_291' title='bbox 636 3637 691 3698; x_wconf 86' lang='lat' dir='ltr'>per</span> <span class='ocrx_word' id='word_1_292' title='bbox 706 3616 967 3700; x_wconf 75' lang='lat' dir='ltr'>Conprepotionem</span> <span class='ocrx_word' id='word_1_293' title='bbox 989 3620 1007 3680; x_wconf 88' lang='grc' dir='ltr'><em>ἁ</em></span> <span class='ocrx_word' id='word_1_294' title='bbox 1030 3617 1063 3690; x_wconf 84' lang='lat' dir='ltr'>S.</span> 
     </span>
     <span class='ocr_line' id='line_1_39' title="bbox 88 3703 1061 3789; baseline -0.001 -20"><span class='ocrx_word' id='word_1_295' title='bbox 88 3703 162 3768; x_wconf 78' lang='lat' dir='ltr'>sede</span> <span class='ocrx_word' id='word_1_296' title='bbox 176 3705 350 3788; x_wconf 78' lang='lat' dir='ltr'>Apostolicd</span> <span class='ocrx_word' id='word_1_297' title='bbox 369 3705 568 3766; x_wconf 82' lang='lat' dir='ltr'>emendationi</span> <span class='ocrx_word' id='word_1_298' title='bbox 586 3705 730 3766; x_wconf 79' lang='lat' dir='ltr'>librorum</span> <span class='ocrx_word' id='word_1_299' title='bbox 751 3707 921 3787; x_wconf 79' lang='lat' dir='ltr'>lrqumodi</span> <span class='ocrx_word' id='word_1_300' title='bbox 942 3708 1061 3789; x_wconf 83' lang='lat' dir='ltr'>deputo·</span> 
     </span>
     <span class='ocr_line' id='line_1_40' title="bbox 90 3793 736 3874; baseline -0.011 -14"><span class='ocrx_word' id='word_1_301' title='bbox 90 3802 162 3872; x_wconf 77' lang='lat' dir='ltr'>taut,</span> <span class='ocrx_word' id='word_1_302' title='bbox 175 3793 303 3858; x_wconf 70' lang='lat' dir='ltr'>correcti</span> <span class='ocrx_word' id='word_1_303' title='bbox 315 3793 451 3874; x_wconf 71' lang='lat' dir='ltr'>typisque</span> <span class='ocrx_word' id='word_1_304' title='bbox 465 3794 599 3866; x_wconf 73' lang='lat' dir='ltr'>impreut</span> <span class='ocrx_word' id='word_1_305' title='bbox 609 3795 736 3861; x_wconf 78' lang='lat' dir='ltr'>luerint.</span> 
     </span>
    </p>
   </div>
   <div class='ocr_carea' id='block_1_3' title="bbox 0 0 1292 4198">
    <p class='ocr_par' dir='ltr' id='par_1_7' title="bbox 0 0 1292 4198">
     <span class='ocr_line' id='line_1_41' title="bbox 0 0 1292 4198; baseline 0 1"><span class='ocrx_word' id='word_1_306' title='bbox 0 0 1292 4198; x_wconf 95' lang='lat' dir='ltr'> </span> 
     </span>
    </p>
   </div>
  </div>
 </body>
</html>
