2590 4208
205 249 247 336 βο
477 257 630 304 accusant
651 257 733 304 vonis
754 257 902 306 canonrcr.

204 363 257 426 sed
279 364 398 446 Religio
422 382 478 446 per
500 363 684 445 huiusmodi
707 363 935 445 professionem
957 383 1021 430 non
1046 367 1177 451 ligatur,

203 453 261 513 etsi
273 452 345 514 talis
368 452 526 534 professus
553 459 690 534 nequeat
712 452 781 533 ejici
803 453 871 516 sina
891 453 975 534 justa
995 474 1102 522 causa.
1125 459 1175 543 (V.

204 539 356 616 Manuale,
372 541 413 602 n¹⁸
426 541 624 622 sorr-2650).

243 629 418 694 Continuus
431 649 497 694 esse
512 631 605 693 debet
618 647 723 692 annus
737 629 920 704 novitiatus,
939 633 979 694 ita
995 641 1029 694 ut
1042 635 1067 696 si
1081 637 1176 698 nori-

205 716 276 792 tius,
293 719 438 782 nondum
455 719 584 802 impleto
599 719 770 782 novitiatus
784 727 936 800 ternpore,
952 739 970 781 e
985 728 1180 787 monasterio

205 815 292 868 excat
306 808 413 871 animo
427 825 492 870 non
508 807 693 884 revertendi,
709 805 755 870 vel
772 806 798 868 si
812 807 966 887 ejiciatur,
982 810 1043 871 nisi
1060 811 1179 891 injusta

206 903 283 958 asset
297 897 419 977 ejectio,
436 905 512 959 tun‘c
526 895 566 960 de
588 913 690 969 novo,
707 895 732 956 si
748 892 788 956 ad
803 897 1126 965 conventumrediret
1148 909 1182 962 et

205 983 310 1046 denuo
336 986 545 1066 reciperetur,
570 982 803 1064 reincipiendus
824 993 904 1046 esset
928 985 1113 1049 novitiatus.
1140 1020 1180 1036 -

207 1071 272 1135 Non
290 1091 363 1136 vero
377 1074 660 1154 interrumperetur
675 1073 843 1136 novitiatus
860 1089 916 1152 per
930 1075 1042 1136 novitii
1057 1077 1180 1138 exitum

206 1179 279 1223 cum
292 1161 419 1224 licentia
434 1163 622 1243 superioris3
639 1161 715 1236 imo,
732 1161 789 1221 etsi
810 1161 908 1222 exiret
929 1162 1132 1243 culpabiliter
1149 1173 1182 1227 et

207 1252 273 1311 sine
288 1249 425 1326 licentia,
442 1251 467 1312 si
480 1251 512 1313 id
528 1257 632 1330 ageret
647 1250 754 1311 animo
770 1260 876 1329 postea
890 1253 1081 1316 revertendi.
1101 1253 1181 1315 ltem

207 1355 270 1400 non
286 1340 527 1420 interrumpitur
539 1358 594 1420 per
612 1338 769 1400 morbum.
793 1336 873 1400 Casu
889 1345 994 1402 tarnen
1010 1338 1183 1404 dementias

206 1426 420 1508 supplendum
437 1437 517 1490 esset
533 1436 674 1510 ternpus,
690 1427 717 1488 si
733 1426 843 1488 saltem
859 1427 898 1488 ad
914 1445 1014 1490 unum
1037 1447 1182 1492 mensem

206 1523 407 1598 pertingeret.
424 1515 473 1596 (V.
493 1515 547 1577 Des
563 1515 798 1589 Commorantes,
814 1522 888 1591 ete,
903 1515 947 1578 11¹⁵
961 1516 1126 1593 tor-373.)

245 1606 338 1666 Juxta
360 1603 578 1666 Tridentinum
606 1615 694 1685 (sess.
717 1603 809 1678 XXV,
833 1623 861 1666 c.
888 1607 947 1679 ro,
974 1605 1018 1666 De
1039 1607 1182 1690 repuli:

211 1716 226 1753 ι
247 1693 337 1756 finito
352 1701 493 1775 tempore
514 1693 702 1768 novitiatus,
720 1693 896 1774 superiores
915 1693 1074 1767 novitios,
1101 1714 1186 1776 quos

207 1805 222 1840 a
246 1781 369 1843 habiles
391 1782 580 1856 invenerint,
598 1779 637 1842 ad
652 1778 877 1862 professionem
900 1779 1082 1860 admittant,
1098 1791 1184 1846 aute

207 1893 222 1931 a
249 1871 440 1934 monasterio
453 1870 589 1952 ejiciant.
608 1890 623 1928 a
643 1873 788 1932 Attamen
803 1867 833 1931 S.
849 1868 1056 1950 Congregatio
1072 1873 1185 1934 asserit

207 1961 293 2042 quod
314 1960 468 2023 Sanctitas
489 1958 552 2022 Sua
577 1958 661 2040 (Pius
676 1957 714 2038 V)
732 1961 920 2020 concesserit
943 1966 978 2020 ut
1003 1961 1185 2040 superiores

209 2051 331 2132 possint
355 2048 542 2130 prolongare
565 2047 758 2110 novitiorum
781 2047 1022 2128 probationem,
1052 2049 1186 2129 quando

209 2137 352 2201 nondum
368 2145 442 2200 sunt
454 2137 642 2198 sufficienter
657 2135 696 2197 ad
712 2137 809 2196 vitam
825 2135 1004 2214 religiosam
1021 2137 1183 2212 instructi,

210 2229 234 2288 si
261 2245 331 2306 spes
346 2225 426 2288 adsit
440 2225 526 2306 quod
551 2224 633 2286 infra
662 2242 714 2286 sex
736 2243 858 2288 menses
882 2224 1005 2286 habiles
1032 2225 1098 2286 sint
1124 2227 1186 2288 effi·

210 2313 324 2378 ciendi.

250 2403 314 2464 Etsi
329 2401 464 2484 praefatae
476 2419 636 2466 canonum
651 2400 975 2483 dispositioncsciroa
991 2403 1185 2465 novitiatum

210 2493 368 2572 regulares
387 2492 513 2574 proprie
528 2490 627 2554 dictos
647 2489 846 2553 solummodo
862 2498 1021 2570 spectent,
1045 2500 1185 2554 attamen

211 2580 241 2643 S.
261 2581 466 2660 Congregatio
482 2580 552 2642 illas
570 2580 649 2642 solet
665 2580 824 2660 applicare
839 2577 992 2642 Institutis
1017 2582 1115 2642 etiam
1130 2599 1187 2644 vc·

212 2680 315 2732 torum
338 2668 542 2750 simplicium,
557 2667 685 2750 quando
708 2669 784 2751 ipsis
808 2667 957 2750 dignatur
976 2669 1187 2752 approbatio-

212 2777 286 2820 nem
299 2757 478 2820 concedere.

609 2900 755 2952 PUNCTUtl
773 2899 813 2952 Ill.

407 3010 437 3047 aa
453 3009 512 3048 noco
528 3008 670 3048 norrrrarus
686 3008 717 3046 ur
733 3007 881 3046 uovrnoacrt
897 3007 996 3050 uranu.

254 3113 322 3171 960.
349 3109 371 3170 Ι.
389 3107 517 3168 Decreto
538 3111 578 3169 20
592 3105 677 3170 lunii
699 3107 801 3182 tcta,
828 3106 972 3170 Clemens
995 3108 1065 3173 vill
1081 3113 1191 3182 statuit

215 3208 249 3263 ut
268 3221 283 3258 a
303 3197 383 3260 nulli
405 3197 435 3256 in
449 3205 609 3276 posterum
623 3196 663 3259 ad
678 3196 823 3259 habiturn
839 3207 869 3259 et
885 3199 1118 3279 professionem
1135 3203 1190 3266 ad-

142 3305 144 3310 ·
215 3311 230 3346 a
255 3287 455 3348 mitterentur
475 3286 535 3347 nisi
553 3287 584 3347 iu
606 3285 816 3348 conventibus
831 3303 887 3367 par
903 3286 1014 3350 Sedem
1031 3291 1189 3373 Apostoli-

215 3400 230 3435 »
256 3393 325 3437 carn
343 3375 374 3434 in
392 3374 532 3454 qualibet
548 3375 709 3455 provincia
724 3373 914 3456 deputandis
941 3399 957 3438 n
981 3397 989 3451 ;
1004 3381 1093 3459 quod
1110 3400 1190 3464 saepe

215 3463 368 3527 institutis
379 3463 473 3525 etiarn
483 3471 629 3526 votorum
642 3463 845 3543 simplicium,
860 3471 926 3526 tam
941 3465 1081 3531 virorum
1093 3489 1188 3551 quarn

217 3553 405 3628 mulierum,
427 3551 606 3634 applicatur
620 3571 638 3614 a
652 3570 739 3614 sacra
760 3553 873 3630 Congr.
891 3553 995 3636 Episc.
1014 3565 1045 3618 et
1067 3559 1190 3638 regula·

220 3643 314 3704 rium.
341 3641 407 3703 lmo
430 3641 463 3703 in
488 3640 600 3704 iisdem
626 3639 716 3704 locus
737 3649 900 3722 separatus
921 3645 1073 3724 assignari
1098 3647 1189 3710 debet

209 3749 265 3812 pro
281 3730 445 3818 novitiatu.
