<?xml version="1.0" encoding="UTF-8"?>
<!DOCTYPE html PUBLIC "-//W3C//DTD XHTML 1.0 Transitional//EN"
    "http://www.w3.org/TR/xhtml1/DTD/xhtml1-transitional.dtd">
<html xmlns="http://www.w3.org/1999/xhtml" xml:lang="en" lang="en">
 <head>
  <title>
</title>
<meta http-equiv="Content-Type" content="text/html;charset=utf-8" />
  <meta name='ocr-system' content='tesseract 3.04.00' />
  <meta name='ocr-capabilities' content='ocr_page ocr_carea ocr_par ocr_line ocrx_word'/>
</head>
<body>
  <div class='ocr_page' id='page_1' title='image "./elementajurisca00craigoog_0173.png"; bbox 0 0 2574 4198; ppageno 0'>
   <div class='ocr_carea' id='block_1_1' title="bbox 203 282 896 359">
    <p class='ocr_par' dir='ltr' id='par_1_1' title="bbox 203 282 896 359">
     <span class='ocr_line' id='line_1_1' title="bbox 203 282 896 359; baseline -0.003 -1"><span class='ocrx_word' id='word_1_1' title='bbox 203 301 262 359; x_wconf 80' lang='lat'><strong>656</strong></span> <span class='ocrx_word' id='word_1_2' title='bbox 474 310 625 356; x_wconf 74' lang='lat' dir='ltr'><strong>recasura</strong></span> <span class='ocrx_word' id='word_1_3' title='bbox 645 310 727 354; x_wconf 82' lang='lat' dir='ltr'><strong>runis</strong></span> <span class='ocrx_word' id='word_1_4' title='bbox 743 282 896 357; x_wconf 74' lang='lat' dir='ltr'><strong>&#39;canonrcn</strong></span> 
     </span>
    </p>
   </div>
   <div class='ocr_carea' id='block_1_2' title="bbox 206 409 1184 844">
    <p class='ocr_par' dir='ltr' id='par_1_2' title="bbox 206 409 1184 844">
     <span class='ocr_line' id='line_1_2' title="bbox 207 409 1184 490; baseline 0.001 -18"><span class='ocrx_word' id='word_1_5' title='bbox 207 434 222 471; x_wconf 81' lang='lat' dir='ltr'><strong>c</strong></span> <span class='ocrx_word' id='word_1_6' title='bbox 242 413 370 472; x_wconf 87' lang='lat' dir='ltr'><strong>ritatem.</strong></span> <span class='ocrx_word' id='word_1_7' title='bbox 396 411 513 472; x_wconf 86' lang='lat' dir='ltr'><strong>Horum</strong></span> <span class='ocrx_word' id='word_1_8' title='bbox 535 409 673 489; x_wconf 84' lang='lat' dir='ltr'><strong>exemplo</strong></span> <span class='ocrx_word' id='word_1_9' title='bbox 697 409 900 472; x_wconf 89' lang='lat' dir='ltr'><strong>Prolestantes</strong></span> <span class='ocrx_word' id='word_1_10' title='bbox 922 429 1030 472; x_wconf 80' lang='lat' dir='ltr'><strong>carnes</strong></span> <span class='ocrx_word' id='word_1_11' title='bbox 1053 409 1106 490; x_wconf 87' lang='lat' dir='ltr'><strong>qui</strong></span> <span class='ocrx_word' id='word_1_12' title='bbox 1128 413 1184 490; x_wconf 85' lang='lat' dir='ltr'><strong>jus</strong></span> 
     </span>
     <span class='ocr_line' id='line_1_3' title="bbox 206 494 1184 580; baseline 0.002 -22"><span class='ocrx_word' id='word_1_13' title='bbox 206 521 221 558; x_wconf 84' lang='lat' dir='ltr'><strong>c</strong></span> <span class='ocrx_word' id='word_1_14' title='bbox 241 499 425 580; x_wconf 85' lang='lat' dir='ltr'><strong>principisin</strong></span> <span class='ocrx_word' id='word_1_15' title='bbox 440 516 524 560; x_wconf 86' lang='lat' dir='ltr'><strong>sacra</strong></span> <span class='ocrx_word' id='word_1_16' title='bbox 539 494 673 570; x_wconf 83' lang='lat' dir='ltr'><strong>tuentur,</strong></span> <span class='ocrx_word' id='word_1_17' title='bbox 685 499 825 560; x_wconf 73' lang='lat' dir='ltr'>Ecclesiae</span> <span class='ocrx_word' id='word_1_18' title='bbox 838 499 975 560; x_wconf 86' lang='lat' dir='ltr'><strong>adimunt</strong></span> <span class='ocrx_word' id='word_1_19' title='bbox 988 497 1184 576; x_wconf 74' lang='lat' dir='ltr'><strong>jndiciariam</strong></span> 
     </span>
     <span class='ocr_line' id='line_1_4' title="bbox 206 585 1179 667; baseline 0.002 -21"><span class='ocrx_word' id='word_1_20' title='bbox 206 609 221 646; x_wconf 80' lang='lat' dir='ltr'><strong>c</strong></span> <span class='ocrx_word' id='word_1_21' title='bbox 242 594 419 667; x_wconf 85' lang='lat' dir='ltr'><strong>potestatem</strong></span> <span class='ocrx_word' id='word_1_22' title='bbox 434 606 441 646; x_wconf 91' lang='lat'>:</span> <span class='ocrx_word' id='word_1_23' title='bbox 458 587 510 667; x_wconf 88' lang='lat' dir='ltr'><strong>qui</strong></span> <span class='ocrx_word' id='word_1_24' title='bbox 528 605 599 647; x_wconf 89' lang='lat' dir='ltr'><strong>curn</strong></span> <span class='ocrx_word' id='word_1_25' title='bbox 619 585 824 649; x_wconf 84' lang='lat' dir='ltr'><strong>Pallendorlro</strong></span> <span class='ocrx_word' id='word_1_26' title='bbox 846 588 1012 648; x_wconf 87' lang='lat' dir='ltr'><strong>Ecclesiam</strong></span> <span class='ocrx_word' id='word_1_27' title='bbox 1034 606 1095 648; x_wconf 91' lang='lat' dir='ltr'><strong>non</strong></span> <span class='ocrx_word' id='word_1_28' title='bbox 1117 587 1179 648; x_wconf 91' lang='lat' dir='ltr'><strong>dis·</strong></span> 
     </span>
     <span class='ocr_line' id='line_1_5' title="bbox 206 674 1181 756; baseline 0.005 -25"><span class='ocrx_word' id='word_1_29' title='bbox 206 698 221 732; x_wconf 78' lang='lat' dir='ltr'><strong>a</strong></span> <span class='ocrx_word' id='word_1_30' title='bbox 242 675 364 736; x_wconf 88' lang='lat' dir='ltr'><strong>tinctarn</strong></span> <span class='ocrx_word' id='word_1_31' title='bbox 376 674 605 753; x_wconf 83' lang='lat' dir='ltr'><strong>Rernpublicatn</strong></span> <span class='ocrx_word' id='word_1_32' title='bbox 617 681 667 734; x_wconf 88' lang='lat' dir='ltr'><strong>aut</strong></span> <span class='ocrx_word' id='word_1_33' title='bbox 677 675 796 734; x_wconf 72' lang='lat' dir='ltr'><strong>Statum</strong></span> <span class='ocrx_word' id='word_1_34' title='bbox 812 677 852 752; x_wconf 80' lang='lat' dir='ltr'><strong>(ut</strong></span> <span class='ocrx_word' id='word_1_35' title='bbox 866 675 1032 756; x_wconf 79' lang='lat' dir='ltr'><strong>inquiunt).</strong></span> <span class='ocrx_word' id='word_1_36' title='bbox 1045 674 1099 734; x_wconf 90' lang='lat' dir='ltr'><strong>sed</strong></span> <span class='ocrx_word' id='word_1_37' title='bbox 1113 681 1181 736; x_wconf 88' lang='lat' dir='ltr'><strong>lan·</strong></span> 
     </span>
     <span class='ocr_line' id='line_1_6' title="bbox 206 761 1184 844; baseline 0.006 -24"><span class='ocrx_word' id='word_1_38' title='bbox 206 785 220 820; x_wconf 84' lang='lat' dir='ltr'><strong>o</strong></span> <span class='ocrx_word' id='word_1_39' title='bbox 241 765 306 823; x_wconf 79' lang='lat' dir='ltr'><strong>tiam</strong></span> <span class='ocrx_word' id='word_1_40' title='bbox 328 762 491 844; x_wconf 71' lang='lat' dir='ltr'><strong>Collegium</strong></span> <span class='ocrx_word' id='word_1_41' title='bbox 506 779 571 822; x_wconf 89' lang='lat' dir='ltr'><strong>esse</strong></span> <span class='ocrx_word' id='word_1_42' title='bbox 592 761 781 823; x_wconf 87' lang='lat' dir='ltr'><strong>contendunt</strong></span> <span class='ocrx_word' id='word_1_43' title='bbox 800 762 847 843; x_wconf 86' lang='lat' dir='ltr'><strong>(ut</strong></span> <span class='ocrx_word' id='word_1_44' title='bbox 865 765 1061 837; x_wconf 85' lang='lat' dir='ltr'><strong>lllosbemlus‚</strong></span> <span class='ocrx_word' id='word_1_45' title='bbox 1079 763 1184 826; x_wconf 75' lang='lat' dir='ltr'><strong>cohe-</strong></span> 
     </span>
    </p>
   </div>
   <div class='ocr_carea' id='block_1_3' title="bbox 207 849 1281 931">
    <p class='ocr_par' dir='ltr' id='par_1_3' title="bbox 207 849 1281 931">
     <span class='ocr_line' id='line_1_7' title="bbox 207 849 1281 931; baseline 0.006 -23"><span class='ocrx_word' id='word_1_46' title='bbox 207 872 221 908; x_wconf 82' lang='lat' dir='ltr'><strong>c</strong></span> <span class='ocrx_word' id='word_1_47' title='bbox 242 869 356 923; x_wconf 70' lang='lat' dir='ltr'><strong>merus</strong></span> <span class='ocrx_word' id='word_1_48' title='bbox 374 851 504 912; x_wconf 86' lang='lat' dir='ltr'><strong>Budaeus</strong></span> <span class='ocrx_word' id='word_1_49' title='bbox 517 849 658 929; x_wconf 81' lang='lat' dir='ltr'><strong>aliique),</strong></span> <span class='ocrx_word' id='word_1_50' title='bbox 675 867 800 912; x_wconf 87' lang='lat' dir='ltr'><strong>omnem</strong></span> <span class='ocrx_word' id='word_1_51' title='bbox 821 853 963 914; x_wconf 69' lang='lat' dir='ltr'><strong>Ecclesiae</strong></span> <span class='ocrx_word' id='word_1_52' title='bbox 981 871 1047 912; x_wconf 88' lang='lat' dir='ltr'><strong>esse</strong></span> <span class='ocrx_word' id='word_1_53' title='bbox 1069 864 1184 931; x_wconf 71' lang='lat' dir='ltr'><strong>negant</strong></span> <span class='ocrx_word' id='word_1_54' title='bbox 1280 851 1281 914; x_wconf 63' lang='grc' dir='ltr'>ζ</span> 
     </span>
    </p>
   </div>
   <div class='ocr_carea' id='block_1_4' title="bbox 207 937 1185 1109">
    <p class='ocr_par' dir='ltr' id='par_1_4' title="bbox 207 937 1185 1109">
     <span class='ocr_line' id='line_1_8' title="bbox 207 937 1177 1020; baseline 0.006 -26"><span class='ocrx_word' id='word_1_55' title='bbox 207 960 221 995; x_wconf 85' lang='lat' dir='ltr'><strong>c</strong></span> <span class='ocrx_word' id='word_1_56' title='bbox 240 939 431 1020; x_wconf 86' lang='lat' dir='ltr'><strong>judiciariam</strong></span> <span class='ocrx_word' id='word_1_57' title='bbox 446 943 636 1019; x_wconf 85' lang='lat' dir='ltr'><strong>potestatem,</strong></span> <span class='ocrx_word' id='word_1_58' title='bbox 650 937 703 998; x_wconf 88' lang='lat' dir='ltr'><strong>sed</strong></span> <span class='ocrx_word' id='word_1_59' title='bbox 718 938 796 1000; x_wconf 90' lang='lat' dir='ltr'><strong>hanc</strong></span> <span class='ocrx_word' id='word_1_60' title='bbox 809 940 845 1001; x_wconf 94' lang='lat' dir='ltr'><strong>ad</strong></span> <span class='ocrx_word' id='word_1_61' title='bbox 858 941 907 1019; x_wconf 88' lang='lat' dir='ltr'><strong>jus</strong></span> <span class='ocrx_word' id='word_1_62' title='bbox 918 941 1083 1017; x_wconf 87' lang='lat' dir='ltr'><strong>majestatis</strong></span> <span class='ocrx_word' id='word_1_63' title='bbox 1095 941 1177 1000; x_wconf 83' lang='lat' dir='ltr'><strong>Prin·</strong></span> 
     </span>
     <span class='ocr_line' id='line_1_9' title="bbox 207 1026 1185 1109; baseline 0.003 -26"><span class='ocrx_word' id='word_1_64' title='bbox 207 1051 221 1083; x_wconf 82' lang='lat' dir='ltr'><strong>c</strong></span> <span class='ocrx_word' id='word_1_65' title='bbox 241 1028 317 1108; x_wconf 83' lang='lat' dir='ltr'><strong>cipis</strong></span> <span class='ocrx_word' id='word_1_66' title='bbox 336 1027 487 1089; x_wconf 76' lang='lat' dir='ltr'><strong>saecularis</strong></span> <span class='ocrx_word' id='word_1_67' title='bbox 514 1026 665 1106; x_wconf 84' lang='lat' dir='ltr'><strong>pertinere</strong></span> <span class='ocrx_word' id='word_1_68' title='bbox 693 1027 889 1102; x_wconf 72' lang='lat' dir='ltr'><strong>arbitramur,</strong></span> <span class='ocrx_word' id='word_1_69' title='bbox 918 1038 1008 1109; x_wconf 87' lang='lat' dir='ltr'><strong>atque</strong></span> <span class='ocrx_word' id='word_1_70' title='bbox 1036 1029 1185 1090; x_wconf 74' lang='lat' dir='ltr'><strong>Ecclesia</strong></span> 
     </span>
    </p>
   </div>
   <div class='ocr_carea' id='block_1_5' title="bbox 1279 925 1281 1050">
    <p class='ocr_par' dir='ltr' id='par_1_5' title="bbox 1279 915 1281 1074">
     <span class='ocr_line' id='line_1_10' title="bbox 1279 925 1281 1050; baseline 0 0"><span class='ocrx_word' id='word_1_71' title='bbox 1279 925 1281 1050; x_wconf 95' lang='lat' dir='ltr'><strong>l</strong></span> 
     </span>
    </p>
   </div>
   <div class='ocr_carea' id='block_1_6' title="bbox 170 1114 1281 1286">
    <p class='ocr_par' dir='ltr' id='par_1_6' title="bbox 170 1114 1281 1286">
     <span class='ocr_line' id='line_1_11' title="bbox 207 1114 1175 1193; baseline 0.008 -23"><span class='ocrx_word' id='word_1_72' title='bbox 207 1139 221 1170; x_wconf 87' lang='lat'>«</span> <span class='ocrx_word' id='word_1_73' title='bbox 242 1118 360 1176; x_wconf 85' lang='lat' dir='ltr'><strong>taatirnr</strong></span> <span class='ocrx_word' id='word_1_74' title='bbox 374 1118 423 1193; x_wconf 86' lang='lat' dir='ltr'><strong>jus</strong></span> <span class='ocrx_word' id='word_1_75' title='bbox 434 1114 588 1193; x_wconf 87' lang='lat' dir='ltr'><strong>collegiale</strong></span> <span class='ocrx_word' id='word_1_76' title='bbox 602 1115 748 1177; x_wconf 89' lang='lat' dir='ltr'><strong>tribuunt.</strong></span> <span class='ocrx_word' id='word_1_77' title='bbox 764 1118 898 1179; x_wconf 85' lang='lat' dir='ltr'><strong>loannes</strong></span> <span class='ocrx_word' id='word_1_78' title='bbox 913 1119 1048 1178; x_wconf 88' lang='lat' dir='ltr'><strong>Bodinus</strong></span> <span class='ocrx_word' id='word_1_79' title='bbox 1064 1118 1131 1192; x_wconf 86' lang='lat' dir='ltr'><strong>(lib.</strong></span> <span class='ocrx_word' id='word_1_80' title='bbox 1148 1121 1175 1188; x_wconf 77' lang='grc'><strong>3,</strong></span> 
     </span>
     <span class='ocr_line' id='line_1_12' title="bbox 170 1201 1281 1286; baseline 0.008 -28"><span class='ocrx_word' id='word_1_81' title='bbox 170 1279 172 1286; x_wconf 15' lang='grc' dir='ltr'><em>Α</em></span> <span class='ocrx_word' id='word_1_82' title='bbox 208 1225 222 1259; x_wconf 90' lang='lat'>«</span> <span class='ocrx_word' id='word_1_83' title='bbox 244 1204 287 1264; x_wconf 87' lang='lat' dir='ltr'><strong>De</strong></span> <span class='ocrx_word' id='word_1_84' title='bbox 304 1203 390 1284; x_wconf 84' lang='lat' dir='ltr'><strong>ltep.)</strong></span> <span class='ocrx_word' id='word_1_85' title='bbox 406 1203 616 1264; x_wconf 82' lang='lat' dir='ltr'><strong>ecclesiasticae</strong></span> <span class='ocrx_word' id='word_1_86' title='bbox 635 1203 837 1280; x_wconf 85' lang='lat' dir='ltr'><strong>jurisdictioni</strong></span> <span class='ocrx_word' id='word_1_87' title='bbox 852 1225 887 1267; x_wconf 93' lang='lat' dir='ltr'><strong>ac</strong></span> <span class='ocrx_word' id='word_1_88' title='bbox 902 1207 966 1267; x_wconf 90' lang='lat' dir='ltr'><strong>loro</strong></span> <span class='ocrx_word' id='word_1_89' title='bbox 982 1207 1179 1268; x_wconf 85' lang='lat' dir='ltr'><strong>vehementer</strong></span> <span class='ocrx_word' id='word_1_90' title='bbox 1280 1201 1281 1206; x_wconf 66' lang='grc'>’</span> 
     </span>
    </p>
   </div>
   <div class='ocr_carea' id='block_1_7' title="bbox 163 1293 1182 3053">
    <p class='ocr_par' dir='ltr' id='par_1_7' title="bbox 163 1293 1182 3053">
     <span class='ocr_line' id='line_1_13' title="bbox 208 1293 1178 1373; baseline 0.01 -27"><span class='ocrx_word' id='word_1_91' title='bbox 208 1314 221 1346; x_wconf 78' lang='lat' dir='ltr'><strong>c</strong></span> <span class='ocrx_word' id='word_1_92' title='bbox 242 1293 429 1362; x_wconf 73' lang='lat' dir='ltr'><strong>adversatur,</strong></span> <span class='ocrx_word' id='word_1_93' title='bbox 446 1297 537 1370; x_wconf 88' lang='lat' dir='ltr'><strong>atque</strong></span> <span class='ocrx_word' id='word_1_94' title='bbox 557 1308 626 1351; x_wconf 88' lang='lat' dir='ltr'><strong>earn</strong></span> <span class='ocrx_word' id='word_1_95' title='bbox 646 1299 767 1354; x_wconf 89' lang='lat' dir='ltr'><strong>secutus</strong></span> <span class='ocrx_word' id='word_1_96' title='bbox 782 1301 826 1354; x_wconf 86' lang='lat' dir='ltr'><strong>est</strong></span> <span class='ocrx_word' id='word_1_97' title='bbox 844 1296 967 1356; x_wconf 84' lang='lat' dir='ltr'><strong>Carolus</strong></span> <span class='ocrx_word' id='word_1_98' title='bbox 985 1296 1131 1373; x_wconf 81' lang='lat' dir='ltr'><strong>Loysaeus</strong></span> <span class='ocrx_word' id='word_1_99' title='bbox 1148 1295 1178 1356; x_wconf 92' lang='lat' dir='ltr'><strong>in</strong></span> 
     </span>
     <span class='ocr_line' id='line_1_14' title="bbox 207 1377 1175 1458; baseline 0.005 -22"><span class='ocrx_word' id='word_1_100' title='bbox 207 1403 220 1436; x_wconf 84' lang='lat' dir='ltr'><strong>o</strong></span> <span class='ocrx_word' id='word_1_101' title='bbox 242 1399 335 1441; x_wconf 90' lang='lat' dir='ltr'><strong>suo...</strong></span> <span class='ocrx_word' id='word_1_102' title='bbox 353 1380 453 1442; x_wconf 74' lang='lat' dir='ltr'><strong>Tanite&#39;</strong></span> <span class='ocrx_word' id='word_1_103' title='bbox 466 1377 513 1440; x_wconf 86' lang='lat' dir='ltr'><strong>des</strong></span> <span class='ocrx_word' id='word_1_104' title='bbox 529 1377 725 1458; x_wconf 74' lang='lat' dir='ltr'><strong>Seigneuries.</strong></span> <span class='ocrx_word' id='word_1_105' title='bbox 742 1383 776 1440; x_wconf 92' lang='lat' dir='ltr'><strong>ln</strong></span> <span class='ocrx_word' id='word_1_106' title='bbox 796 1382 903 1442; x_wconf 88' lang='lat' dir='ltr'><strong>eodcm</strong></span> <span class='ocrx_word' id='word_1_107' title='bbox 926 1383 987 1443; x_wconf 91' lang='lat' dir='ltr'><strong>luto</strong></span> <span class='ocrx_word' id='word_1_108' title='bbox 1008 1382 1128 1443; x_wconf 70' lang='lat' dir='ltr'><strong>haesitat</strong></span> <span class='ocrx_word' id='word_1_109' title='bbox 1144 1381 1175 1442; x_wconf 90' lang='lat' dir='ltr'><strong>P.</strong></span> 
     </span>
     <span class='ocr_line' id='line_1_15' title="bbox 207 1467 1176 1550; baseline 0.006 -26"><span class='ocrx_word' id='word_1_110' title='bbox 207 1489 221 1525; x_wconf 82' lang='lat' dir='ltr'><strong>c</strong></span> <span class='ocrx_word' id='word_1_111' title='bbox 242 1470 283 1528; x_wconf 92' lang='lat' dir='ltr'><strong>La</strong></span> <span class='ocrx_word' id='word_1_112' title='bbox 306 1467 412 1543; x_wconf 73' lang='lat' dir='ltr'><strong>Boule,</strong></span> <span class='ocrx_word' id='word_1_113' title='bbox 428 1467 492 1546; x_wconf 83' lang='lat' dir='ltr'><strong>qui,</strong></span> <span class='ocrx_word' id='word_1_114' title='bbox 513 1467 659 1546; x_wconf 88' lang='lat' dir='ltr'><strong>opusculo</strong></span> <span class='ocrx_word' id='word_1_115' title='bbox 673 1469 720 1529; x_wconf 89' lang='lat' dir='ltr'><strong>cui</strong></span> <span class='ocrx_word' id='word_1_116' title='bbox 744 1470 847 1530; x_wconf 88' lang='lat' dir='ltr'><strong>titulus</strong></span> <span class='ocrx_word' id='word_1_117' title='bbox 868 1471 1024 1550; x_wconf 74' lang='lat' dir='ltr'><strong>Principes</strong></span> <span class='ocrx_word' id='word_1_118' title='bbox 1040 1490 1096 1530; x_wconf 84' lang='lat' dir='ltr'><strong>sur</strong></span> <span class='ocrx_word' id='word_1_119' title='bbox 1110 1470 1176 1532; x_wconf 88' lang='lat' dir='ltr'><strong>l&#39;es-</strong></span> 
     </span>
     <span class='ocr_line' id='line_1_16' title="bbox 207 1554 1176 1636; baseline 0.008 -24"><span class='ocrx_word' id='word_1_120' title='bbox 207 1579 221 1613; x_wconf 82' lang='lat' dir='ltr'><strong>a</strong></span> <span class='ocrx_word' id='word_1_121' title='bbox 240 1576 328 1618; x_wconf 78' lang='lat' dir='ltr'><strong>senae.</strong></span> <span class='ocrx_word' id='word_1_122' title='bbox 351 1556 418 1617; x_wconf 70' lang='lat' dir='ltr'><strong>des</strong></span> <span class='ocrx_word' id='word_1_123' title='bbox 432 1554 510 1616; x_wconf 80' lang='lat' dir='ltr'><strong>decc</strong></span> <span class='ocrx_word' id='word_1_124' title='bbox 518 1556 696 1636; x_wconf 80' lang='lat' dir='ltr'><strong>puissunces,</strong></span> <span class='ocrx_word' id='word_1_125' title='bbox 711 1563 782 1632; x_wconf 80' lang='lat' dir='ltr'><strong>etc,</strong></span> <span class='ocrx_word' id='word_1_126' title='bbox 796 1557 894 1619; x_wconf 89' lang='lat' dir='ltr'><strong>datarn</strong></span> <span class='ocrx_word' id='word_1_127' title='bbox 908 1562 924 1618; x_wconf 78' lang='lat' dir='ltr'><strong>a</strong></span> <span class='ocrx_word' id='word_1_128' title='bbox 937 1559 1057 1620; x_wconf 82' lang='lat' dir='ltr'><strong>Christo</strong></span> <span class='ocrx_word' id='word_1_129' title='bbox 1073 1559 1176 1620; x_wconf 84' lang='lat' dir='ltr'><strong>Eccle-</strong></span> 
     </span>
     <span class='ocr_line' id='line_1_17' title="bbox 207 1645 1181 1726; baseline 0.005 -25"><span class='ocrx_word' id='word_1_130' title='bbox 207 1646 293 1706; x_wconf 83' lang='lat' dir='ltr'><strong>csiae</strong></span> <span class='ocrx_word' id='word_1_131' title='bbox 318 1651 516 1725; x_wconf 80' lang='lat' dir='ltr'><strong>potestatem,</strong></span> <span class='ocrx_word' id='word_1_132' title='bbox 543 1661 605 1704; x_wconf 90' lang='lat' dir='ltr'><strong>non</strong></span> <span class='ocrx_word' id='word_1_133' title='bbox 628 1646 727 1706; x_wconf 81' lang='lat' dir='ltr'><strong>solum</strong></span> <span class='ocrx_word' id='word_1_134' title='bbox 750 1645 899 1726; x_wconf 85' lang='lat' dir='ltr'><strong>dirigendi</strong></span> <span class='ocrx_word' id='word_1_135' title='bbox 922 1664 975 1726; x_wconf 87' lang='lat' dir='ltr'><strong>per</strong></span> <span class='ocrx_word' id='word_1_136' title='bbox 997 1646 1126 1707; x_wconf 83' lang='lat' dir='ltr'><strong>consilia</strong></span> <span class='ocrx_word' id='word_1_137' title='bbox 1149 1655 1181 1708; x_wconf 81' lang='lat' dir='ltr'><strong>et</strong></span> 
     </span>
     <span class='ocr_line' id='line_1_18' title="bbox 206 1731 1176 1816; baseline 0.005 -27"><span class='ocrx_word' id='word_1_138' title='bbox 206 1755 220 1789; x_wconf 81' lang='lat' dir='ltr'><strong>a</strong></span> <span class='ocrx_word' id='word_1_139' title='bbox 241 1734 415 1806; x_wconf 89' lang='lat' dir='ltr'><strong>suasiones,</strong></span> <span class='ocrx_word' id='word_1_140' title='bbox 432 1732 588 1794; x_wconf 87' lang='lat' dir='ltr'><strong>sedetiam</strong></span> <span class='ocrx_word' id='word_1_141' title='bbox 603 1731 728 1813; x_wconf 87' lang='lat' dir='ltr'><strong>jubendi</strong></span> <span class='ocrx_word' id='word_1_142' title='bbox 750 1753 804 1814; x_wconf 86' lang='lat' dir='ltr'><strong>per</strong></span> <span class='ocrx_word' id='word_1_143' title='bbox 825 1734 924 1814; x_wconf 83' lang='lat' dir='ltr'><strong>leges,</strong></span> <span class='ocrx_word' id='word_1_144' title='bbox 940 1735 1136 1816; x_wconf 78' lang='lat' dir='ltr'><strong>cogendique</strong></span> <span class='ocrx_word' id='word_1_145' title='bbox 1148 1743 1176 1797; x_wconf 93' lang='lat' dir='ltr'><strong>et</strong></span> 
     </span>
     <span class='ocr_line' id='line_1_19' title="bbox 205 1821 1182 1902; baseline 0.009 -25"><span class='ocrx_word' id='word_1_146' title='bbox 205 1843 220 1877; x_wconf 91' lang='lat'>«</span> <span class='ocrx_word' id='word_1_147' title='bbox 241 1826 331 1901; x_wconf 77' lang='lat' dir='ltr'><strong>prena</strong></span> <span class='ocrx_word' id='word_1_148' title='bbox 346 1821 506 1892; x_wconf 83' lang='lat' dir='ltr'><strong>coercendi</strong></span> <span class='ocrx_word' id='word_1_149' title='bbox 520 1839 571 1882; x_wconf 91' lang='lat' dir='ltr'><strong>eos</strong></span> <span class='ocrx_word' id='word_1_150' title='bbox 586 1822 637 1901; x_wconf 91' lang='lat' dir='ltr'><strong>qui</strong></span> <span class='ocrx_word' id='word_1_151' title='bbox 655 1822 745 1900; x_wconf 78' lang='lat' dir='ltr'><strong>poena</strong></span> <span class='ocrx_word' id='word_1_152' title='bbox 759 1829 829 1882; x_wconf 89' lang='lat' dir='ltr'><strong>sunt</strong></span> <span class='ocrx_word' id='word_1_153' title='bbox 840 1823 935 1902; x_wconf 81' lang='lat' dir='ltr'><strong>digni,</strong></span> <span class='ocrx_word' id='word_1_154' title='bbox 950 1822 1131 1885; x_wconf 81' lang='lat' dir='ltr'><strong>labefactare</strong></span> <span class='ocrx_word' id='word_1_155' title='bbox 1143 1843 1182 1886; x_wconf 88' lang='lat' dir='ltr'><strong>ac</strong></span> 
     </span>
     <span class='ocr_line' id='line_1_20' title="bbox 206 1910 1181 1989; baseline 0.01 -25"><span class='ocrx_word' id='word_1_156' title='bbox 206 1934 219 1965; x_wconf 76' lang='lat' dir='ltr'><strong>a</strong></span> <span class='ocrx_word' id='word_1_157' title='bbox 240 1912 345 1971; x_wconf 88' lang='lat' dir='ltr'><strong>tollere</strong></span> <span class='ocrx_word' id='word_1_158' title='bbox 365 1917 512 1985; x_wconf 87' lang='lat' dir='ltr'><strong>conatur,</strong></span> <span class='ocrx_word' id='word_1_159' title='bbox 533 1916 624 1989; x_wconf 84' lang='lat' dir='ltr'><strong>atque</strong></span> <span class='ocrx_word' id='word_1_160' title='bbox 650 1910 885 1972; x_wconf 85' lang='lat' dir='ltr'><strong>ecclesiasticum</strong></span> <span class='ocrx_word' id='word_1_161' title='bbox 911 1911 1115 1973; x_wconf 77' lang='lat' dir='ltr'><strong>ministerium</strong></span> <span class='ocrx_word' id='word_1_162' title='bbox 1138 1914 1181 1974; x_wconf 83' lang='lat' dir='ltr'><strong>ita</strong></span> 
     </span>
     <span class='ocr_line' id='line_1_21' title="bbox 204 1997 1173 2082; baseline 0.009 -29"><span class='ocrx_word' id='word_1_163' title='bbox 204 2019 218 2053; x_wconf 82' lang='lat' dir='ltr'><strong>o</strong></span> <span class='ocrx_word' id='word_1_164' title='bbox 240 1999 374 2060; x_wconf 82' lang='lat' dir='ltr'><strong>saeculari</strong></span> <span class='ocrx_word' id='word_1_165' title='bbox 395 1999 532 2077; x_wconf 86' lang='lat' dir='ltr'><strong>potestati</strong></span> <span class='ocrx_word' id='word_1_166' title='bbox 549 1997 717 2082; x_wconf 72' lang='lat' dir='ltr'><strong>subjiciant</strong></span> <span class='ocrx_word' id='word_1_167' title='bbox 735 1999 771 2059; x_wconf 89' lang='lat' dir='ltr'><strong>ad</strong></span> <span class='ocrx_word' id='word_1_168' title='bbox 787 1999 865 2061; x_wconf 90' lang='lat' dir='ltr'><strong>hanc</strong></span> <span class='ocrx_word' id='word_1_169' title='bbox 879 2000 1030 2080; x_wconf 85' lang='lat' dir='ltr'><strong>pertinere</strong></span> <span class='ocrx_word' id='word_1_170' title='bbox 1044 2009 1173 2064; x_wconf 87' lang='lat' dir='ltr'><strong>conten·</strong></span> 
     </span>
     <span class='ocr_line' id='line_1_22' title="bbox 204 2085 1174 2170; baseline 0.013 -30"><span class='ocrx_word' id='word_1_171' title='bbox 204 2109 217 2140; x_wconf 79' lang='lat' dir='ltr'><strong>a</strong></span> <span class='ocrx_word' id='word_1_172' title='bbox 239 2085 291 2146; x_wconf 88' lang='lat' dir='ltr'><strong>dat</strong></span> <span class='ocrx_word' id='word_1_173' title='bbox 311 2086 349 2147; x_wconf 97' lang='lat' dir='ltr'><strong>de</strong></span> <span class='ocrx_word' id='word_1_174' title='bbox 363 2088 486 2148; x_wconf 77' lang='lat' dir='ltr'><strong>externa</strong></span> <span class='ocrx_word' id='word_1_175' title='bbox 508 2085 593 2146; x_wconf 89' lang='lat' dir='ltr'><strong>omni</strong></span> <span class='ocrx_word' id='word_1_176' title='bbox 607 2104 642 2146; x_wconf 90' lang='lat' dir='ltr'><strong>ac</strong></span> <span class='ocrx_word' id='word_1_177' title='bbox 657 2087 790 2147; x_wconf 85' lang='lat' dir='ltr'><strong>sensibili</strong></span> <span class='ocrx_word' id='word_1_178' title='bbox 807 2088 1025 2167; x_wconf 83' lang='lat' dir='ltr'><strong>gubernatione</strong></span> <span class='ocrx_word' id='word_1_179' title='bbox 1039 2108 1174 2170; x_wconf 88' lang='lat' dir='ltr'><strong>cognos-</strong></span> 
     </span>
     <span class='ocr_line' id='line_1_23' title="bbox 204 2174 1174 2256; baseline 0.003 -21"><span class='ocrx_word' id='word_1_180' title='bbox 204 2192 308 2236; x_wconf 88' lang='lat' dir='ltr'><strong>«cere</strong></span> <span class='ocrx_word' id='word_1_181' title='bbox 345 2193 381 2236; x_wconf 90' lang='lat' dir='ltr'><strong>ac</strong></span> <span class='ocrx_word' id='word_1_182' title='bbox 414 2174 568 2252; x_wconf 74' lang='lat' dir='ltr'><strong>judicare.¹</strong></span> <span class='ocrx_word' id='word_1_183' title='bbox 601 2176 767 2235; x_wconf 86' lang='lat' dir='ltr'><strong>Pravum...</strong></span> <span class='ocrx_word' id='word_1_184' title='bbox 801 2177 983 2256; x_wconf 86' lang='lat' dir='ltr'><strong>opusculum</strong></span> <span class='ocrx_word' id='word_1_185' title='bbox 1019 2178 1174 2241; x_wconf 87' lang='lat' dir='ltr'><strong>damnavit</strong></span> 
     </span>
     <span class='ocr_line' id='line_1_24' title="bbox 204 2261 1179 2348; baseline 0.011 -30"><span class='ocrx_word' id='word_1_186' title='bbox 204 2285 217 2318; x_wconf 83' lang='lat' dir='ltr'><strong>o</strong></span> <span class='ocrx_word' id='word_1_187' title='bbox 239 2261 352 2324; x_wconf 87' lang='lat' dir='ltr'><strong>Bened.</strong></span> <span class='ocrx_word' id='word_1_188' title='bbox 368 2264 446 2336; x_wconf 84' lang='lat' dir='ltr'>XIV,</span> <span class='ocrx_word' id='word_1_189' title='bbox 462 2263 588 2323; x_wconf 84' lang='lat' dir='ltr'><strong>Constit.</strong></span> <span class='ocrx_word' id='word_1_190' title='bbox 606 2261 656 2322; x_wconf 81' lang='lat' dir='ltr'><strong>Ad</strong></span> <span class='ocrx_word' id='word_1_191' title='bbox 667 2261 852 2338; x_wconf 75' lang='lat' dir='ltr'><strong>assiduus...‚</strong></span> <span class='ocrx_word' id='word_1_192' title='bbox 869 2271 898 2326; x_wconf 87' lang='lat' dir='ltr'><strong>et</strong></span> <span class='ocrx_word' id='word_1_193' title='bbox 916 2265 1022 2326; x_wconf 89' lang='lat' dir='ltr'><strong>similis</strong></span> <span class='ocrx_word' id='word_1_194' title='bbox 1041 2268 1179 2348; x_wconf 88' lang='lat' dir='ltr'><strong>Marsylii·</strong></span> 
     </span>
     <span class='ocr_line' id='line_1_25' title="bbox 163 2349 1179 2417; baseline 0.013 -13"><span class='ocrx_word' id='word_1_195' title='bbox 163 2373 167 2378; x_wconf 95' lang='lat'>·</span> <span class='ocrx_word' id='word_1_196' title='bbox 203 2371 217 2405; x_wconf 77' lang='lat' dir='ltr'><strong>a</strong></span> <span class='ocrx_word' id='word_1_197' title='bbox 239 2351 372 2412; x_wconf 87' lang='lat' dir='ltr'><strong>Patavini</strong></span> <span class='ocrx_word' id='word_1_198' title='bbox 386 2356 416 2410; x_wconf 85' lang='lat' dir='ltr'><strong>et</strong></span> <span class='ocrx_word' id='word_1_199' title='bbox 436 2349 570 2412; x_wconf 82' lang='lat' dir='ltr'><strong>landoni</strong></span> <span class='ocrx_word' id='word_1_200' title='bbox 591 2368 675 2411; x_wconf 92' lang='lat' dir='ltr'><strong>error</strong></span> <span class='ocrx_word' id='word_1_201' title='bbox 695 2352 789 2412; x_wconf 84' lang='lat' dir='ltr'><strong>nrultd</strong></span> <span class='ocrx_word' id='word_1_202' title='bbox 810 2358 878 2414; x_wconf 91' lang='lat' dir='ltr'><strong>ante</strong></span> <span class='ocrx_word' id='word_1_203' title='bbox 898 2353 1059 2415; x_wconf 82' lang='lat' dir='ltr'><strong>damnatus</strong></span> <span class='ocrx_word' id='word_1_204' title='bbox 1081 2355 1179 2417; x_wconf 74' lang='lat' dir='ltr'><strong>suits</strong></span> 
     </span>
     <span class='ocr_line' id='line_1_26' title="bbox 202 2437 1180 2518; baseline 0.013 -24"><span class='ocrx_word' id='word_1_205' title='bbox 202 2460 217 2494; x_wconf 82' lang='lat' dir='ltr'><strong>o</strong></span> <span class='ocrx_word' id='word_1_206' title='bbox 236 2441 354 2500; x_wconf 87' lang='lat' dir='ltr'><strong>loanne</strong></span> <span class='ocrx_word' id='word_1_207' title='bbox 367 2441 458 2514; x_wconf 85' lang='lat' dir='ltr'><strong>XXll,</strong></span> <span class='ocrx_word' id='word_1_208' title='bbox 474 2439 598 2500; x_wconf 86' lang='lat' dir='ltr'><strong>Constit.</strong></span> <span class='ocrx_word' id='word_1_209' title='bbox 615 2439 697 2499; x_wconf 83' lang='lat' dir='ltr'><strong>Licet</strong></span> <span class='ocrx_word' id='word_1_210' title='bbox 708 2437 801 2518; x_wconf 77' lang='lat' dir='ltr'><strong>jue-to</strong></span> <span class='ocrx_word' id='word_1_211' title='bbox 815 2439 1019 2504; x_wconf 84' lang='lat' dir='ltr'><strong>doctrinam...</strong></span> <span class='ocrx_word' id='word_1_212' title='bbox 1035 2443 1180 2507; x_wconf 84' lang='lat' dir='ltr'><strong>Morinos</strong></span> 
     </span>
     <span class='ocr_line' id='line_1_27' title="bbox 202 2525 1172 2610; baseline 0.011 -27"><span class='ocrx_word' id='word_1_213' title='bbox 202 2549 216 2583; x_wconf 84' lang='lat' dir='ltr'><strong>o</strong></span> <span class='ocrx_word' id='word_1_214' title='bbox 239 2525 281 2608; x_wconf 90' lang='lat' dir='ltr'><strong>(ln</strong></span> <span class='ocrx_word' id='word_1_215' title='bbox 294 2546 385 2608; x_wconf 88' lang='lat' dir='ltr'><strong>opere</strong></span> <span class='ocrx_word' id='word_1_216' title='bbox 396 2528 440 2588; x_wconf 75' lang='lat' dir='ltr'><strong>lle</strong></span> <span class='ocrx_word' id='word_1_217' title='bbox 453 2528 615 2590; x_wconf 79' lang='lat' dir='ltr'><strong>Punilent.</strong></span> <span class='ocrx_word' id='word_1_218' title='bbox 627 2525 841 2604; x_wconf 60' lang='lat' dir='ltr'><strong>administrat„</strong></span> <span class='ocrx_word' id='word_1_219' title='bbox 854 2529 905 2592; x_wconf 91' lang='lat' dir='ltr'><strong>lib.</strong></span> <span class='ocrx_word' id='word_1_220' title='bbox 922 2533 951 2604; x_wconf 85' lang='lat' dir='ltr'><strong>l,</strong></span> <span class='ocrx_word' id='word_1_221' title='bbox 966 2548 995 2592; x_wconf 90' lang='lat' dir='ltr'><strong>c.</strong></span> <span class='ocrx_word' id='word_1_222' title='bbox 1012 2534 1061 2610; x_wconf 71' lang='lat'><strong>10)</strong></span> <span class='ocrx_word' id='word_1_223' title='bbox 1072 2531 1172 2594; x_wconf 87' lang='lat' dir='ltr'><strong>sorum</strong></span> 
     </span>
     <span class='ocr_line' id='line_1_28' title="bbox 202 2614 1172 2698; baseline 0.01 -27"><span class='ocrx_word' id='word_1_224' title='bbox 202 2637 217 2671; x_wconf 80' lang='lat' dir='ltr'><strong>o</strong></span> <span class='ocrx_word' id='word_1_225' title='bbox 238 2617 460 2677; x_wconf 88' lang='lat' dir='ltr'><strong>contentiosum</strong></span> <span class='ocrx_word' id='word_1_226' title='bbox 479 2615 619 2676; x_wconf 83' lang='lat' dir='ltr'><strong>Ecclesiae</strong></span> <span class='ocrx_word' id='word_1_227' title='bbox 638 2633 699 2676; x_wconf 93' lang='lat' dir='ltr'><strong>non</strong></span> <span class='ocrx_word' id='word_1_228' title='bbox 719 2614 875 2696; x_wconf 86' lang='lat' dir='ltr'><strong>distinguit</strong></span> <span class='ocrx_word' id='word_1_229' title='bbox 896 2619 913 2678; x_wconf 77' lang='lat' dir='ltr'><strong>a</strong></span> <span class='ocrx_word' id='word_1_230' title='bbox 934 2617 999 2678; x_wconf 86' lang='lat' dir='ltr'><strong>loro</strong></span> <span class='ocrx_word' id='word_1_231' title='bbox 1019 2620 1172 2698; x_wconf 81' lang='lat' dir='ltr'><strong>poerriten·</strong></span> 
     </span>
     <span class='ocr_line' id='line_1_29' title="bbox 202 2703 1177 2785; baseline 0.011 -26"><span class='ocrx_word' id='word_1_232' title='bbox 202 2725 217 2759; x_wconf 83' lang='lat' dir='ltr'><strong>o</strong></span> <span class='ocrx_word' id='word_1_233' title='bbox 237 2703 310 2778; x_wconf 87' lang='lat' dir='ltr'><strong>tiali,</strong></span> <span class='ocrx_word' id='word_1_234' title='bbox 339 2712 428 2785; x_wconf 86' lang='lat' dir='ltr'><strong>atque</strong></span> <span class='ocrx_word' id='word_1_235' title='bbox 451 2704 541 2770; x_wconf 87' lang='lat' dir='ltr'><strong>illurn</strong></span> <span class='ocrx_word' id='word_1_236' title='bbox 566 2705 684 2764; x_wconf 80' lang='lat' dir='ltr'><strong>tantuna</strong></span> <span class='ocrx_word' id='word_1_237' title='bbox 714 2704 779 2784; x_wconf 82' lang='lat' dir='ltr'><strong>past</strong></span> <span class='ocrx_word' id='word_1_238' title='bbox 808 2707 847 2766; x_wconf 84' lang='lat' dir='ltr'><strong>xl</strong></span> <span class='ocrx_word' id='word_1_239' title='bbox 872 2713 923 2768; x_wconf 85' lang='lat' dir='ltr'><strong>aut</strong></span> <span class='ocrx_word' id='word_1_240' title='bbox 946 2708 998 2766; x_wconf 84' lang='lat' dir='ltr'><strong>Xll</strong></span> <span class='ocrx_word' id='word_1_241' title='bbox 1022 2708 1177 2770; x_wconf 82' lang='lat' dir='ltr'><strong>saeculum</strong></span> 
     </span>
     <span class='ocr_line' id='line_1_30' title="bbox 202 2791 1170 2877; baseline 0.004 -23"><span class='ocrx_word' id='word_1_242' title='bbox 202 2816 216 2854; x_wconf 87' lang='lat' dir='ltr'><strong>r</strong></span> <span class='ocrx_word' id='word_1_243' title='bbox 236 2792 401 2854; x_wconf 83' lang='lat' dir='ltr'><strong>Ecclesiam</strong></span> <span class='ocrx_word' id='word_1_244' title='bbox 415 2791 554 2854; x_wconf 89' lang='lat' dir='ltr'><strong>babuisse</strong></span> <span class='ocrx_word' id='word_1_245' title='bbox 564 2798 659 2873; x_wconf 88' lang='lat' dir='ltr'><strong>putat.</strong></span> <span class='ocrx_word' id='word_1_246' title='bbox 676 2793 753 2853; x_wconf 83' lang='lat' dir='ltr'><strong>Cum</strong></span> <span class='ocrx_word' id='word_1_247' title='bbox 762 2793 880 2854; x_wconf 88' lang='lat' dir='ltr'><strong>Morino</strong></span> <span class='ocrx_word' id='word_1_248' title='bbox 893 2794 981 2854; x_wconf 89' lang='lat' dir='ltr'><strong>sentit</strong></span> <span class='ocrx_word' id='word_1_249' title='bbox 992 2797 1170 2877; x_wconf 86' lang='lat' dir='ltr'><strong>Van-Espen</strong></span> 
     </span>
     <span class='ocr_line' id='line_1_31' title="bbox 201 2880 1178 2965; baseline 0.008 -26"><span class='ocrx_word' id='word_1_250' title='bbox 201 2904 216 2939; x_wconf 79' lang='lat' dir='ltr'><strong>c</strong></span> <span class='ocrx_word' id='word_1_251' title='bbox 237 2880 303 2962; x_wconf 74' lang='lat' dir='ltr'><strong>(las</strong></span> <span class='ocrx_word' id='word_1_252' title='bbox 314 2883 515 2958; x_wconf 83' lang='lat' dir='ltr'><strong>ecclesiast...‚</strong></span> <span class='ocrx_word' id='word_1_253' title='bbox 530 2881 580 2942; x_wconf 87' lang='lat' dir='ltr'><strong>lib.</strong></span> <span class='ocrx_word' id='word_1_254' title='bbox 597 2884 628 2956; x_wconf 85' lang='lat'><strong>3,</strong></span> <span class='ocrx_word' id='word_1_255' title='bbox 642 2881 687 2941; x_wconf 89' lang='lat' dir='ltr'><strong>tit.</strong></span> <span class='ocrx_word' id='word_1_256' title='bbox 705 2881 747 2962; x_wconf 91' lang='lat' dir='ltr'><strong>l).</strong></span> <span class='ocrx_word' id='word_1_257' title='bbox 765 2881 880 2942; x_wconf 90' lang='lat' dir='ltr'><strong>Fevreti</strong></span> <span class='ocrx_word' id='word_1_258' title='bbox 895 2882 1012 2944; x_wconf 89' lang='lat' dir='ltr'><strong>celebre</strong></span> <span class='ocrx_word' id='word_1_259' title='bbox 1027 2889 1073 2943; x_wconf 92' lang='lat' dir='ltr'><strong>est</strong></span> <span class='ocrx_word' id='word_1_260' title='bbox 1094 2902 1178 2965; x_wconf 82' lang='lat' dir='ltr'><strong>opus</strong></span> 
     </span>
     <span class='ocr_line' id='line_1_32' title="bbox 201 2968 1171 3053; baseline 0.006 -25"><span class='ocrx_word' id='word_1_261' title='bbox 201 2993 216 3028; x_wconf 85' lang='lat' dir='ltr'><strong>o</strong></span> <span class='ocrx_word' id='word_1_262' title='bbox 236 2972 274 3030; x_wconf 94' lang='lat' dir='ltr'><strong>de</strong></span> <span class='ocrx_word' id='word_1_263' title='bbox 286 2971 382 3032; x_wconf 89' lang='lat' dir='ltr'><strong>abusu</strong></span> <span class='ocrx_word' id='word_1_264' title='bbox 397 2991 459 3052; x_wconf 87' lang='lat' dir='ltr'><strong>quo</strong></span> <span class='ocrx_word' id='word_1_265' title='bbox 474 2971 537 3050; x_wconf 88' lang='lat' dir='ltr'><strong>ipse</strong></span> <span class='ocrx_word' id='word_1_266' title='bbox 550 2968 783 3031; x_wconf 84' lang='lat' dir='ltr'><strong>ecclesiasticam</strong></span> <span class='ocrx_word' id='word_1_267' title='bbox 796 2970 1038 3046; x_wconf 76' lang='lat' dir='ltr'><strong>Jurisdiotionern</strong></span> <span class='ocrx_word' id='word_1_268' title='bbox 1054 2975 1085 3031; x_wconf 84' lang='lat' dir='ltr'><strong>et</strong></span> <span class='ocrx_word' id='word_1_269' title='bbox 1093 2972 1171 3053; x_wconf 85' lang='lat' dir='ltr'><strong>judi-</strong></span> 
     </span>
    </p>
   </div>
   <div class='ocr_carea' id='block_1_8' title="bbox 96 3057 1177 3140">
    <p class='ocr_par' dir='ltr' id='par_1_8' title="bbox 96 3057 1177 3140">
     <span class='ocr_line' id='line_1_33' title="bbox 96 3057 1177 3140; baseline 0.003 -20"><span class='ocrx_word' id='word_1_270' title='bbox 96 3117 98 3120; x_wconf 84' lang='lat'>.</span> <span class='ocrx_word' id='word_1_271' title='bbox 200 3061 358 3119; x_wconf 82' lang='lat' dir='ltr'><strong>ociarlarn</strong></span> <span class='ocrx_word' id='word_1_272' title='bbox 387 3064 565 3138; x_wconf 84' lang='lat' dir='ltr'><strong>potestatem</strong></span> <span class='ocrx_word' id='word_1_273' title='bbox 592 3057 700 3117; x_wconf 89' lang='lat' dir='ltr'><strong>acriter</strong></span> <span class='ocrx_word' id='word_1_274' title='bbox 726 3057 900 3120; x_wconf 87' lang='lat' dir='ltr'><strong>insectatur.</strong></span> <span class='ocrx_word' id='word_1_275' title='bbox 929 3057 1001 3120; x_wconf 92' lang='lat' dir='ltr'><strong>lnde</strong></span> <span class='ocrx_word' id='word_1_276' title='bbox 1030 3061 1177 3140; x_wconf 84' lang='lat' dir='ltr'><strong>Dupinus</strong></span> 
     </span>
    </p>
   </div>
   <div class='ocr_carea' id='block_1_9' title="bbox 198 3142 1171 3841">
    <p class='ocr_par' dir='ltr' id='par_1_9' title="bbox 198 3142 1171 3841">
     <span class='ocr_line' id='line_1_34' title="bbox 200 3142 1168 3226; baseline 0.003 -21"><span class='ocrx_word' id='word_1_277' title='bbox 200 3169 215 3205; x_wconf 86' lang='lat' dir='ltr'><strong>c</strong></span> <span class='ocrx_word' id='word_1_278' title='bbox 236 3146 292 3226; x_wconf 86' lang='lat' dir='ltr'><strong>(De</strong></span> <span class='ocrx_word' id='word_1_279' title='bbox 306 3147 411 3224; x_wconf 78' lang='lat' dir='ltr'><strong>dratiq.</strong></span> <span class='ocrx_word' id='word_1_280' title='bbox 430 3144 542 3206; x_wconf 84' lang='lat' dir='ltr'><strong>Eccles.</strong></span> <span class='ocrx_word' id='word_1_281' title='bbox 566 3142 698 3226; x_wconf 60' lang='lat' dir='ltr'><strong>discipl„</strong></span> <span class='ocrx_word' id='word_1_282' title='bbox 713 3143 830 3208; x_wconf 89' lang='lat' dir='ltr'><strong>dissert.</strong></span> <span class='ocrx_word' id='word_1_283' title='bbox 848 3150 879 3216; x_wconf 81' lang='grc'><strong>7,</strong></span> <span class='ocrx_word' id='word_1_284' title='bbox 897 3145 913 3225; x_wconf 69' lang='grc'><strong>5</strong></span> <span class='ocrx_word' id='word_1_285' title='bbox 931 3146 1001 3225; x_wconf 91' lang='lat' dir='ltr'><strong>ult.)</strong></span> <span class='ocrx_word' id='word_1_286' title='bbox 1019 3146 1168 3225; x_wconf 81' lang='lat' dir='ltr'><strong>judiciuin</strong></span> 
     </span>
     <span class='ocr_line' id='line_1_35' title="bbox 199 3232 1168 3318; baseline 0.003 -24"><span class='ocrx_word' id='word_1_287' title='bbox 199 3257 216 3294; x_wconf 77' lang='lat' dir='ltr'><strong>a·</strong></span> <span class='ocrx_word' id='word_1_288' title='bbox 235 3235 469 3296; x_wconf 87' lang='lat' dir='ltr'><strong>ecclesiasticum</strong></span> <span class='ocrx_word' id='word_1_289' title='bbox 489 3233 520 3293; x_wconf 94' lang='lat' dir='ltr'><strong>in</strong></span> <span class='ocrx_word' id='word_1_290' title='bbox 536 3232 673 3294; x_wconf 89' lang='lat' dir='ltr'><strong>civilibus</strong></span> <span class='ocrx_word' id='word_1_291' title='bbox 684 3237 715 3293; x_wconf 87' lang='lat' dir='ltr'><strong>et</strong></span> <span class='ocrx_word' id='word_1_292' title='bbox 727 3233 937 3296; x_wconf 86' lang='lat' dir='ltr'><strong>criminalibus</strong></span> <span class='ocrx_word' id='word_1_293' title='bbox 950 3235 1050 3294; x_wconf 88' lang='lat' dir='ltr'><strong>causis</strong></span> <span class='ocrx_word' id='word_1_294' title='bbox 1065 3242 1096 3296; x_wconf 93' lang='lat' dir='ltr'><strong>et</strong></span> <span class='ocrx_word' id='word_1_295' title='bbox 1111 3254 1168 3318; x_wconf 88' lang='lat' dir='ltr'><strong>po-</strong></span> 
     </span>
     <span class='ocr_line' id='line_1_36' title="bbox 198 3321 1167 3402; baseline 0.004 -20"><span class='ocrx_word' id='word_1_296' title='bbox 198 3347 212 3382; x_wconf 81' lang='lat' dir='ltr'><strong>c</strong></span> <span class='ocrx_word' id='word_1_297' title='bbox 235 3330 369 3384; x_wconf 81' lang='lat' dir='ltr'><strong>testatem</strong></span> <span class='ocrx_word' id='word_1_298' title='bbox 384 3340 419 3382; x_wconf 86' lang='lat' dir='ltr'><strong>ex</strong></span> <span class='ocrx_word' id='word_1_299' title='bbox 442 3321 590 3402; x_wconf 86' lang='lat' dir='ltr'><strong>Principis</strong></span> <span class='ocrx_word' id='word_1_300' title='bbox 604 3322 752 3400; x_wconf 82' lang='lat' dir='ltr'><strong>permissu</strong></span> <span class='ocrx_word' id='word_1_301' title='bbox 767 3321 886 3401; x_wconf 85' lang='lat' dir='ltr'><strong>repetit.</strong></span> <span class='ocrx_word' id='word_1_302' title='bbox 903 3323 1008 3384; x_wconf 91' lang='lat' dir='ltr'><strong>Petrus</strong></span> <span class='ocrx_word' id='word_1_303' title='bbox 1029 3323 1167 3386; x_wconf 85' lang='lat' dir='ltr'><strong>Glanno-</strong></span> 
     </span>
     <span class='ocr_line' id='line_1_37' title="bbox 200 3409 1165 3493; baseline 0.006 -25"><span class='ocrx_word' id='word_1_304' title='bbox 200 3435 214 3468; x_wconf 75' lang='grc' dir='ltr'>α</span> <span class='ocrx_word' id='word_1_305' title='bbox 235 3413 303 3472; x_wconf 91' lang='lat' dir='ltr'><strong>nius</strong></span> <span class='ocrx_word' id='word_1_306' title='bbox 316 3409 406 3488; x_wconf 86' lang='lat' dir='ltr'><strong>(Hist.</strong></span> <span class='ocrx_word' id='word_1_307' title='bbox 423 3411 479 3473; x_wconf 85' lang='lat' dir='ltr'><strong>eia.</strong></span> <span class='ocrx_word' id='word_1_308' title='bbox 494 3411 579 3492; x_wconf 72' lang='lat' dir='ltr'><strong>regni</strong></span> <span class='ocrx_word' id='word_1_309' title='bbox 586 3409 752 3491; x_wconf 62' lang='lat' dir='ltr'><strong>Nonnulli„</strong></span> <span class='ocrx_word' id='word_1_310' title='bbox 764 3409 814 3469; x_wconf 93' lang='lat' dir='ltr'><strong>lib.</strong></span> <span class='ocrx_word' id='word_1_311' title='bbox 827 3415 856 3480; x_wconf 77' lang='lat'><strong>2,</strong></span> <span class='ocrx_word' id='word_1_312' title='bbox 870 3429 936 3492; x_wconf 83' lang='lat' dir='ltr'><strong>cap.</strong></span> <span class='ocrx_word' id='word_1_313' title='bbox 951 3411 1019 3486; x_wconf 74' lang='lat' dir='ltr'><strong>ull,</strong></span> <span class='ocrx_word' id='word_1_314' title='bbox 1035 3416 1110 3474; x_wconf 90' lang='lat' dir='ltr'><strong>torn.</strong></span> <span class='ocrx_word' id='word_1_315' title='bbox 1123 3413 1165 3493; x_wconf 81' lang='lat' dir='ltr'><strong>l),</strong></span> 
     </span>
     <span class='ocr_line' id='line_1_38' title="bbox 199 3497 1171 3575; baseline 0.005 -19"><span class='ocrx_word' id='word_1_316' title='bbox 199 3523 213 3556; x_wconf 90' lang='lat'>«</span> <span class='ocrx_word' id='word_1_317' title='bbox 234 3499 327 3560; x_wconf 89' lang='lat' dir='ltr'><strong>hostis</strong></span> <span class='ocrx_word' id='word_1_318' title='bbox 348 3499 567 3561; x_wconf 82' lang='lat' dir='ltr'><strong>infensissimus</strong></span> <span class='ocrx_word' id='word_1_319' title='bbox 582 3499 770 3560; x_wconf 87' lang='lat' dir='ltr'><strong>contentioso</strong></span> <span class='ocrx_word' id='word_1_320' title='bbox 790 3499 930 3560; x_wconf 80' lang='lat' dir='ltr'><strong>Ecclesiae</strong></span> <span class='ocrx_word' id='word_1_321' title='bbox 948 3497 1025 3575; x_wconf 81' lang='lat' dir='ltr'><strong>foro,</strong></span> <span class='ocrx_word' id='word_1_322' title='bbox 1041 3515 1171 3561; x_wconf 78' lang='lat' dir='ltr'><strong>omnem</strong></span> 
     </span>
     <span class='ocr_line' id='line_1_39' title="bbox 199 3585 1169 3670; baseline 0.003 -24"><span class='ocrx_word' id='word_1_323' title='bbox 199 3610 214 3645; x_wconf 82' lang='lat' dir='ltr'><strong>o</strong></span> <span class='ocrx_word' id='word_1_324' title='bbox 234 3589 299 3670; x_wconf 91' lang='lat' dir='ltr'><strong>ejus</strong></span> <span class='ocrx_word' id='word_1_325' title='bbox 315 3593 491 3668; x_wconf 82' lang='lat' dir='ltr'><strong>potestatem</strong></span> <span class='ocrx_word' id='word_1_326' title='bbox 513 3589 543 3648; x_wconf 91' lang='lat' dir='ltr'><strong>in</strong></span> <span class='ocrx_word' id='word_1_327' title='bbox 562 3586 715 3659; x_wconf 86' lang='lat' dir='ltr'><strong>docendo,</strong></span> <span class='ocrx_word' id='word_1_328' title='bbox 732 3585 857 3662; x_wconf 85' lang='lat' dir='ltr'><strong>orando,</strong></span> <span class='ocrx_word' id='word_1_329' title='bbox 875 3587 1048 3662; x_wconf 85' lang='lat' dir='ltr'><strong>suadendo,</strong></span> <span class='ocrx_word' id='word_1_330' title='bbox 1066 3594 1097 3648; x_wconf 91' lang='lat' dir='ltr'><strong>et</strong></span> <span class='ocrx_word' id='word_1_331' title='bbox 1113 3606 1169 3668; x_wconf 79' lang='lat' dir='ltr'><strong>per</strong></span> 
     </span>
     <span class='ocr_line' id='line_1_40' title="bbox 200 3675 1165 3756; baseline 0.001 -22"><span class='ocrx_word' id='word_1_332' title='bbox 200 3699 214 3734; x_wconf 81' lang='lat' dir='ltr'><strong>a</strong></span> <span class='ocrx_word' id='word_1_333' title='bbox 234 3695 377 3738; x_wconf 85' lang='lat' dir='ltr'><strong>censuras</strong></span> <span class='ocrx_word' id='word_1_334' title='bbox 390 3675 570 3754; x_wconf 84' lang='lat' dir='ltr'><strong>corrigendo</strong></span> <span class='ocrx_word' id='word_1_335' title='bbox 587 3676 684 3756; x_wconf 87' lang='lat' dir='ltr'><strong>ponit,</strong></span> <span class='ocrx_word' id='word_1_336' title='bbox 702 3681 731 3735; x_wconf 86' lang='lat' dir='ltr'><strong>et</strong></span> <span class='ocrx_word' id='word_1_337' title='bbox 744 3676 863 3736; x_wconf 86' lang='lat' dir='ltr'><strong>lllorrno</strong></span> <span class='ocrx_word' id='word_1_338' title='bbox 883 3675 974 3736; x_wconf 88' lang='lat' dir='ltr'><strong>etiam</strong></span> <span class='ocrx_word' id='word_1_339' title='bbox 987 3676 1165 3737; x_wconf 86' lang='lat' dir='ltr'><strong>assentitur.</strong></span> 
     </span>
     <span class='ocr_line' id='line_1_41' title="bbox 200 3761 1161 3841; baseline 0.004 -22"><span class='ocrx_word' id='word_1_340' title='bbox 200 3765 363 3824; x_wconf 71' lang='lat' dir='ltr'><strong>«lacobus</strong></span> <span class='ocrx_word' id='word_1_341' title='bbox 384 3782 506 3841; x_wconf 72' lang='lat' dir='ltr'><strong>quoque</strong></span> <span class='ocrx_word' id='word_1_342' title='bbox 527 3761 750 3823; x_wconf 80' lang='lat' dir='ltr'><strong>uotaotredus..</strong></span> <span class='ocrx_word' id='word_1_343' title='bbox 782 3769 812 3821; x_wconf 92' lang='lat' dir='ltr'><strong>et</strong></span> <span class='ocrx_word' id='word_1_344' title='bbox 831 3762 972 3832; x_wconf 80' lang='lat' dir='ltr'><strong>lacobus</strong></span> <span class='ocrx_word' id='word_1_345' title='bbox 984 3763 1161 3837; x_wconf 83' lang='lat' dir='ltr'><strong>Cujacius...</strong></span> 
     </span>
    </p>
   </div>
   <div class='ocr_carea' id='block_1_10' title="bbox 0 0 1292 4198">
    <p class='ocr_par' dir='ltr' id='par_1_10' title="bbox 0 0 1292 4198">
     <span class='ocr_line' id='line_1_42' title="bbox 0 0 1292 4198; baseline 0 2"><span class='ocrx_word' id='word_1_346' title='bbox 0 0 1292 4198; x_wconf 95' lang='lat' dir='ltr'><strong> </strong></span> 
     </span>
    </p>
   </div>
  </div>
 </body>
</html>
