2552 4204
208 319 266 384 150
477 331 628 379 cerneum
649 330 731 377 sums
752 328 901 376 canoniea.

210 465 227 503 a.
242 443 309 522 iure
319 439 512 516 haereditatis,
522 439 568 501 vel
579 439 702 500 alterius
713 439 800 516 iustae
815 434 1022 519 protentionis
1034 441 1184 521 tempore

210 553 225 591 a
245 529 291 605 lis,
318 529 481 592 renuntiet.
505 528 592 589 Ratio
606 533 652 588 est
668 527 739 608 quia
751 526 781 589 in
797 525 849 588 tali
861 543 933 588 casu
954 526 1037 604 juste
1051 528 1187 610 exigitur

210 641 225 680 a
245 617 412 698 temporale
426 635 481 698 pro
498 615 696 697 temporali...
712 615 827 678 Gbm...
848 612 997 696 quidquid
1013 615 1187 680 monachus

211 729 227 768 u
246 707 385 788 acquirit,
398 705 737 787 acquiretmonasterio.
760 725 776 764 r

247 793 300 858 His
311 793 431 857 casibus
439 793 668 876 exceptis‚circa
677 790 1185 874 positamquaestionemduplexest

208 881 369 958 sententia,
381 887 471 964 prout
479 882 640 964 exponitur
651 880 683 942 in
696 879 836 942 naama·
848 880 965 962 (filla).
980 881 1015 942 ln
1028 897 1097 962 cap.
1116 881 1180 958 Ouo

207 971 305 1046 niem,
322 970 497 1048 Decimam,
511 976 540 1032 et
551 971 669 1032 Extrav.
683 967 850 1045 Decimam,
870 967 1049 1051 prohibetur
1060 968 1184 1052 quidem

207 1059 265 1124 sub
279 1057 594 1122 excommunicatione
615 1058 728 1139 aliquid
743 1057 880 1138 accipere
899 1057 940 1120 ob
956 1075 1188 1139 quemcumque

208 1148 302 1214 finem
317 1165 372 1230 pro
387 1147 525 1228 ingressu
535 1148 566 1208 in
577 1146 775 1228 Religionem,
790 1145 847 1208 nisi
861 1145 930 1227 quis
948 1145 1117 1208 liberaliter
1129 1147 1184 1208 da-

153 1262 155 1267 ’
208 1256 241 1300 re
256 1235 394 1306 voluerit,
411 1234 464 1298 sed
485 1235 551 1299 hee
570 1235 847 1298 excommunicatio
858 1234 977 1297 ridetur
994 1252 1056 1298 usu
1075 1233 1186 1298 abolita

208 1325 313 1389 saltem
324 1341 380 1405 pro
395 1323 583 1387 monasteriis
598 1325 773 1389 mulierum.

249 1417 318 1477 888.
341 1411 462 1485 Quaerit.
478 1416 511 1476 5·
520 1415 567 1475 An
578 1412 692 1496 aliquid
706 1411 800 1496 possit
811 1410 908 1494 accipi
922 1429 978 1494 pro
989 1409 1186 1493 dispensatio

209 1499 320 1568 nibus‘i

248 1595 338 1678 Resp.
354 1595 441 1660 Nulla
463 1593 529 1673 lege
543 1590 723 1672 prohibente
736 1638 745 1670 ‚
759 1589 854 1672 accipi
869 1587 985 1671 aliquid
1009 1593 1110 1670 potest
1129 1608 1187 1670 per

209 1683 332 1746 modum
342 1681 565 1748 sustentationis
575 1686 625 1742 aut
634 1699 687 1761 per
696 1678 822 1742 modum
832 1677 1187 1754 commutationis‚sicut

209 1780 276 1834 vola
290 1776 515 1836 commutantur
529 1768 560 1830 in
577 1769 796 1851 eleemosynas.

248 1863 317 1924 883.
341 1859 464 1935 Quaerit.
482 1858 514 1920 6ο
536 1858 582 1917 An
604 1857 732 1920 simonia
755 1857 794 1920 sit
813 1857 927 1938 aliquid
950 1857 1023 1919 dare
1042 1855 1081 1918 ad
1100 1856 1185 1919 redi-

209 1949 353 2012 mendam
368 1950 512 2028 injustem
521 1945 740 2008 vexationem?

249 2039 339 2119 Resp.
353 2038 408 2099 Vel
422 2054 482 2110 res,
495 2036 583 2116 aqua
593 2035 703 2115 injuste
712 2034 962 2118 impediturquis‚
971 2041 1016 2098 est
1023 2053 1072 2099 res
1085 2036 1119 2098 in
1127 2039 1186 2120 qud

206 2126 257 2205 jus
271 2132 387 2189 eertum
399 2124 508 2198 habet,
532 2123 577 2185 vel
588 2142 636 2185 res
649 2123 688 2185 cd
698 2144 787 2207 quam
797 2125 915 2188 tantan
924 2125 976 2206 jus
988 2124 1134 2206 possidet.
1148 2127 1188 2189 Sr'

208 2214 310 2296 prilla,
340 2214 409 2277 licet
432 2212 536 2276 tollere
562 2211 706 2292 injustam
732 2213 919 2275 vexationem
950 2212 1051 2275 dando
1070 2213 1186 2296 aliquid

209 2303 400 2384 temporale:
421 2301 462 2364 ita
478 2301 691 2364 communiter.
707 2301 795 2366 Unde
815 2300 879 2363 dari
895 2309 998 2383 posset
1016 2302 1132 2383 aliquid
1149 2323 1186 2366 ne

209 2390 323 2470 injuste
342 2391 565 2473 denegarentur
588 2397 774 2453 sacramenta
795 2390 827 2452 in
847 2389 1024 2453 necessitate
1038 2391 1142 2471 gravi,
1155 2413 1183 2456 v.

209 2499 253 2561 g.‚
269 2479 415 2562 implendi
429 2483 614 2561 praeceptum
629 2478 783 2561 paschale,
800 2497 861 2540 non
872 2478 1050 2541 remanendi
1061 2479 1094 2541 in
1109 2499 1186 2543 mor·

209 2569 258 2630 teli
274 2577 412 2650 peccato,
428 2575 500 2646 etc.;
516 2569 562 2630 vel
578 2586 616 2629 ne
630 2567 758 2650 eligatur
772 2567 930 2650 indignus,
946 2568 971 2629 si
982 2567 1131 2632 electores
1146 2569 1182 2632 ad
1269 2589 1270 2592 ¹

208 2655 265 2719 hoe
284 2665 383 2720 essent
403 2658 508 2740 parali.
538 2657 672 2718 Ecclesia
687 2657 770 2718 enim
782 2655 871 2718 habel
881 2657 930 2736 jus
945 2657 1131 2738 acquisitum
1147 2677 1184 2722 ne

208 2745 264 2808 sibi
288 2746 375 2809 detur
400 2746 536 2808 minister
551 2747 688 2828 ineptus;
703 2746 764 2807 imd
777 2745 927 2826 jnshauet
940 2752 972 2808 ut
986 2746 1122 2828 eligatur
1138 2750 1182 2810 di·

208 2853 286 2916 gnus
299 2842 352 2898 aut
360 2836 480 2917 dignior
494 2835 525 2897 in
539 2853 650 2916 genere
667 2833 741 2916 (non
752 2834 824 2897 verb
839 2835 870 2896 in
886 2833 1068 2918 individuo).
1082 2871 1121 2885 -—
1136 2841 1184 2902 Se

207 2930 370 2986 custamen
381 2926 406 2986 si
418 2926 469 3003 jus
481 2924 512 2984 in
527 2943 559 2985 re
572 2928 651 2986 esset
663 2923 803 3003 dubium,
814 2923 885 3005 quia
897 2923 1034 3005 alioquin
1046 2945 1103 3008 per
1112 2932 1183 2991 tem·

207 3012 308 3094 porale
321 3012 436 3091 acquiri
447 3017 547 3091 posset
558 3013 608 3091 ius
630 3018 747 3074 certum
777 3014 814 3074 ad
840 3013 1008 3093 spirituale.
1021 3015 1122 3079 Secus
1137 3036 1181 3098 pa·

212 3099 278 3166 n‘ter
288 3099 313 3160 si
327 3100 396 3179 quis
408 3099 487 3177 iuste
501 3098 699 3180 impediretur
725 3099 860 3163 obtinere
882 3101 1067 3182 spirituale:
1089 3105 1179 3180 uude,

209 3186 352 3268 quidquid
363 3185 537 3248 dicatlllbel
551 3206 620 3251 cum
637 3187 702 3251 aliis
715 3189 916 3269 quibusdam,
932 3189 1048 3252 licitum
1063 3211 1126 3255 uon
1141 3204 1181 3256 est

205 3274 277 3336 dare
312 3275 472 3354 pecuniam
510 3277 716 3357 competitori‚
743 3285 776 3340 ut
797 3278 925 3355 desistat
938 3295 1125 3344 concurrere
1145 3282 1181 3345 ad

206 3361 400 3425 beneficium.

243 3451 364 3514 Dictum
381 3451 438 3514 fuit
460 3451 556 3515 dando
568 3454 689 3536 aliquid
698 3455 856 3538 temporale
871 3475 879 3518 τ
897 3459 1059 3520 nonenim
1082 3471 1179 3541 posset

204 3540 267 3603 dari
281 3539 436 3622 spirituale
449 3560 504 3623 pro
531 3543 709 3607 redimenda
736 3547 892 3608 vexatione
906 3545 1030 3627 iniuste,
1043 3548 1181 3628 quiahoc

204 3637 280 3730 esset
291 3635 480 3731 commutare
494 3633 649 3712 spirituale
664 3651 722 3699 uro
736 3635 913 3717 temporali,
924 3634 1180 3716 etproindeesset

207 3736 344 3781 sunonla.

243 3804 275 3870 Si
293 3810 453 3886 posternis,
477 3811 508 3870 id
528 3817 574 3872 est
593 3811 617 3874 ri
638 3811 689 3892 jus
703 3809 744 3872 ad
756 3831 818 3875 rem
831 3814 950 3881 tanturn
965 3813 1035 3894 quis
1050 3815 1177 3889 babeat,
