2590 4208
461 290 546 337 tason
567 291 701 338 renuas.
1031 271 1071 340 Ἀ

97 412 128 467 et
142 399 307 481 Regulam,
321 399 358 463 17
367 418 440 464 nov.
452 399 795 464 l6l7.·-Diximusuisi
808 397 1076 480 opntnrdemonia·

98 491 181 554 libus
193 489 367 552 solemniter
372 491 512 570 professis
526 510 533 550 :
555 490 621 552 istae
635 487 733 562 euim,
749 487 899 568 inquiunt
912 489 1072 566 Analecta,

99 575 315 659 subjiciuntur
328 577 481 640 clausurae
492 576 612 658 papali,
629 593 700 657 quae
714 593 731 637 a
746 573 813 636 solo
827 573 958 638 Summo
970 575 1074 642 Ponti·

99 669 158 728 lice
174 666 270 728 statui
285 674 396 746 potest.
416 665 587 747 (11888818,
602 677 639 726 u⁰
654 662 757 744 8585).
772 653 812 721 At
827 663 895 726 haec
908 666 1073 746 responsio

98 771 281 836 supponere
291 754 411 817 videtur
423 753 646 837 dispositiones
658 753 839 816 monasterii
853 751 947 815 luisse
957 753 1071 820 immu-

96 852 188 906 tatas·

545 995 561 1076 g
583 994 621 1058 u.

176 1131 222 1192 De
240 1148 346 1192 norma
367 1129 497 1191 civiliter
515 1127 651 1210 err'pendr'
663 1129 800 1210 saccellos
825 1129 987 1212 religiosos.

135 1269 208 1332 950.
237 1269 331 1330 luxta
353 1269 452 1346 legem
473 1267 508 1330 31
532 1268 601 1331 188.
629 1267 725 1343 1858,
747 1267 895 1332 collatam
910 1286 982 1331 cum
1003 1267 1072 1348 lega

96 1361 134 1418 et
150 1355 228 1437 maii
254 1359 342 1429 1885,
360 1355 485 1419 familiae
508 1355 679 1418 mulierum
695 1355 848 1436 religiosae
870 1373 888 1418 8
909 1355 1072 1422 Gubernio

98 1445 317 1528 approbentur
338 1455 390 1508 aut
405 1464 462 1527 per
484 1446 647 1508 decretum
661 1448 802 1521 tantum',
819 1454 872 1509 aut
886 1447 1069 1527 perlegam.

135 1535 195 1598 Per
208 1534 369 1596 decretum
379 1534 508 1614 quidem
524 1533 863 1614 :1⁶quaudoipsaemet
873 1540 991 1596 statuta
1003 1533 1069 1614 jaru

100 1623 238 1702 proeliis
251 1621 553 1700 Congregationibus
568 1639 585 1682 a
600 1619 759 1684 Gubernio
774 1621 960 1702 approbata,
970 1621 1070 1685 decla·

100 1710 346 1790 rautadoptara3
360 1713 394 1772 2⁰
403 1709 531 1794 quando
539 1729 576 1772 ex
586 1708 744 1772 Ordinarii
754 1709 934 1772 testimonio
949 1717 1071 1772 constat

98 1799 246 1872 familias,
262 1817 333 1877 quae
347 1798 518 1880 peculiaria
532 1805 646 1860 statuta
662 1796 833 1878 possident,
846 1798 981 1860 extitisse
996 1807 1071 1861 aute
1097 1819 1099 1824 ’

98 1889 195 1950 tlau.
206 1885 296 1962 18253
305 1890 338 1950 3ο
348 1885 701 1968 quaudoCongregatio,
714 1905 783 1968 quae
794 1887 924 1951 seorsim
935 1886 1070 1968 amplius

96 1979 229 2039 existere
239 1977 359 2056 nequit,
369 1975 459 2039 alteri
475 1976 657 2058 approbatae
669 1976 865 2040 secondunat
876 2000 884 2054 ς
896 1977 1070 2056 loquendo

97 2065 225 2145 probari
237 2071 337 2146 potest
350 2063 703 2144 familiamreligiosam‚
716 2082 786 2146 quae
797 2065 898 2128 luerat
912 2066 1003 2129 initio
1016 2085 1069 2148 ap·

97 2155 230 2236 probata
252 2161 405 2234 tauquam
431 2153 575 2232 regimini
602 2154 814 2234 superiorissae
837 2154 946 2218 localis
967 2156 1069 2237 subji-

96 2243 227 2318 cienda,
255 2241 427 2324 subtectam
443 2249 548 2305 tamen
572 2241 666 2306 luisse
681 2245 831 2306 canonice
845 2244 991 2324 regimini
1010 2243 1068 2308 Su·

97 2331 272 2412 perimissae
295 2329 475 2404 Generalis,
500 2331 559 2394 sub
585 2349 618 2392 se
638 2333 741 2394 varias
762 2331 876 2394 domus
901 2332 1067 2412 habentis3

96 2421 127 2482 5⁰
145 2421 172 2482 si
188 2421 326 2499 erigatur
348 2437 431 2482 nova
450 2419 564 2482 domus
579 2419 835 2500 Congregationis
850 2420 997 2501 subjectae
1013 2441 1068 2484 su·

97 2509 271 2589 periorissae
292 2507 452 2587 generali,
473 2516 527 2571 aut
549 2507 576 2571 si
598 2515 722 2588 petatur
746 2507 830 2569 illius
855 2509 1028 2587 recognitio
1051 2527 1069 2572 a

97 2597 269 2662 Gubernio.
694 2647 698 2654 ,

134 2685 256 2749 Unicus
269 2693 315 2746 est
328 2703 420 2747 casus
434 2687 466 2746 in
484 2703 548 2764 quo
561 2685 609 2746 lex
625 2691 671 2744 est
690 2683 864 2746 necessaria
882 2701 941 2766 pro
955 2704 1071 2767 appro-

98 2777 225 2840 batione
244 2772 438 2836 familiarum
457 2773 692 2853 religiosarum,
716 2791 830 2853 nempe
846 2774 871 2834 si
892 2773 1070 2852 Congrege-

98 2869 151 2938 tio,
165 2871 362 2945 posternam
373 2860 450 2925 1825
465 2861 864 2935 instituta‚constitutiones
875 2861 989 2924 habeat
1002 2879 1069 2924 om·

98 2955 175 3016 nino
198 2969 297 3014 novas
315 2949 460 3014 nondum
480 2970 497 3012 a
516 2950 676 3013 Gubernio
696 2949 896 3030 approbatas.
925 2950 1070 3013 instituta
1105 2978 1109 2986 ·

99 3051 206 3104 autem
218 3040 356 3102 virorum
371 3058 427 3120 per
439 3039 537 3102 solam
549 3039 649 3118 legem
664 3039 833 3122 approbari
849 3048 999 3120 possuut3
1017 3038 1071 3101 sed

99 3150 115 3194 a
130 3131 275 3192 luctuosa
291 3127 527 3208 perturbatione
543 3131 631 3202 1189,
648 3127 712 3190 lere
727 3128 800 3190 solae
820 3126 947 3190 familiae
962 3128 1072 3190 mulie-

100 3237 171 3280 rum
187 3236 205 3280 8
220 3215 381 3280 Gubernio
394 3225 502 3278 nostro
514 3217 642 3279 luerunt
657 3217 781 3296 agnitae.
798 3217 952 3297 implicite
967 3226 1072 3280 tamen

101 3309 160 3371 luit
182 3305 379 3385 recognitum
398 3304 579 3366 institutum
595 3305 743 3367 Fratrum
766 3305 943 3366 Senatorum
966 3305 1072 3370 01818-

102 3398 254 3456 n’oncrom
269 3413 324 3474 per
338 3393 499 3455 decretum
514 3398 550 3455 l'l
567 3395 670 3456 martii
686 3397 774 3467 1808,
791 3411 808 3455 8
825 3412 889 3474 quo
904 3401 1075 3468 constitute

103 3486 164 3546 luit
182 3482 290 3546 Gallia
315 3481 627 3546 [tertonensibus
652 3483 779 3563 insuper
803 3481 935 3547 decretis
959 3502 1077 3568 appro«

103 3574 186 3636 batae
201 3571 287 3635 luere
309 3581 378 3635 tum
393 3572 506 3636 domus
526 3572 745 3652 religiosorum
761 3573 793 3633 in
812 3571 900 3655 Alpis
914 3577 1077 3639 montibus

103 3662 311 3742 degentium,
328 3668 396 3722 tum
411 3660 673 3743 congregationes
692 3658 723 3724 S.
741 3659 873 3732 Lazari,
890 3665 1076 3738 missionum

102 3761 295 3825 exterarum,
310 3747 350 3812 Si
365 3748 518 3832 Spiritus;
534 3759 565 3813 et
578 3749 686 3828 aliquo
699 3751 795 3814 modo
809 3751 920 3831 Magire
935 3751 1075 3817 cartusie

913 3853 975 3898 osse
