2552 4204
186 323 245 380 'ttt
462 337 614 383 susurrus
635 336 718 382 rums
738 333 885 381 canonici.

189 434 307 497 nicetus
327 442 471 518 nequeat,
490 437 547 500 sub
561 435 699 511 mortali,
716 435 751 496 iis
768 440 851 514 parte
866 431 991 494 notabili
1005 431 1166 494 intensae.

41 549 45 560 ’
130 597 131 601 ¹
191 522 246 584 nisi
268 525 458 605 ignorantis,
482 525 658 589 necessitate
680 522 795 586 vitandi
815 521 1010 599 scandatum,
1034 528 1088 584 aut
1113 510 1168 572 alit·

189 611 266 687 justa
277 615 368 676 causa
381 621 553 678 excusetur.
569 614 626 686 Et,
643 613 668 674 si
685 614 723 674 sit
736 611 891 688 sacerdos,
905 615 1025 673 tenetur
1041 610 1169 700 missam

190 698 361 764 inchoatam
375 703 467 766 etiam
481 704 652 786 relinquere
662 701 687 764 si
697 700 834 764 nondum
844 698 1081 777 consecraverit,
1098 693 1131 748 et
1143 688 1169 748 ¹d

191 791 283 868 possit
303 791 400 854 tacere
418 793 533 875 absque
552 790 705 856 scandalo.
728 791 793 852 Hoc
806 795 909 852 tamen
928 793 1088 870 peccatum
1105 773 1169 838 fieri

191 881 287 956 potest
309 880 426 943 veniale
447 881 589 962 parvitate
614 878 770 957 materie,
792 882 827 941 ut
845 876 870 942 si
893 877 985 940 missa
1012 893 1112 958 usque
1134 863 1170 926 &d

123 1029 125 1034 .
190 964 390 1050 Eoonqclr'um
404 972 523 1031 tantiam
537 968 686 1030 audiatur.
1148 1003 1162 1019 ··

231 1054 288 1117 Per
307 1057 407 1120 divina
421 1058 518 1120 officia
541 1055 736 1137 intelligenda
756 1061 828 1118 sunt
841 1054 942 1118 misse
960 1052 1166 1132 sacrificinm

191 1142 314 1224 publica
337 1146 449 1218 oratio;
475 1147 627 1228 processio
637 1165 648 1221 ;
671 1150 779 1207 cantus
802 1143 967 1220 horarum3
994 1141 1170 1207 benedictio

190 1231 262 1307 otei,
277 1251 382 1314 aquae,
397 1234 612 1311 candelarum
628 1240 658 1296 et
672 1240 779 1297 caetera
794 1250 913 1296 annexa
926 1230 1169 1296 ordinictericnti

192 1337 262 1400 quae
272 1322 448 1386 solemniter
459 1323 551 1394 fiunt;
568 1342 631 1386 non
642 1324 714 1386 vend
728 1321 904 1401 intelligitur
914 1320 1072 1383 concionis
1085 1322 1170 1384 sudi-

192 1407 235 1468 tio
254 1408 330 1492 (arg.
350 1429 387 1474 ex
408 1430 476 1495 cap.
495 1413 675 1495 Responsio,
700 1410 745 1474 De
765 1417 901 1472 sentent..
913 1410 1089 1492 excomm.);
1116 1411 1169 1473 sed

193 1499 491 1578 excommunicatus,
510 1501 567 1564 nisi
587 1501 626 1563 sit
637 1499 778 1564 toleratus
791 1505 821 1562 ct
842 1497 881 1560 ab
894 1498 961 1561 aliis
979 1506 1106 1580 rogetur
1119 1506 1169 1562 aut

192 1585 629 1667 adhoctencaturexofficio,
651 1589 723 1672 quia
736 1596 808 1652 tunc
829 1587 1024 1669 praesumitur
1045 1588 1085 1650 ab
1103 1589 1168 1650 aliis

193 1675 321 1755 requiri,
338 1695 399 1740 non
412 1685 509 1761 potest
520 1679 711 1742 concinnare.

232 1767 308 1829 ltem
331 1769 600 1832 excommunicatis
623 1785 685 1830 non
711 1765 888 1848 prohibetur
910 1783 984 1830 osus
1010 1785 1167 1832 sacramm

192 1853 372 1936 magicum,
382 1857 579 1939 reliquiarum
588 1855 753 1931 veneratio,
765 1854 826 1916 imo
836 1873 892 1916 nec
901 1873 1072 1937 ususaquae
1082 1857 1168 1920 bene
1269 1857 1270 1864 ³

191 1943 279 2009 dictae
293 1952 323 2007 et
336 1945 466 2008 aliorum
480 1945 762 2018 sacramentalium,
778 1961 909 2024 quorum
923 1944 1048 2026 quidem
1062 1947 1167 2011 fructi·

195 2030 264 2106 bus,
280 2051 357 2114 quos
371 2033 482 2096 habent
495 2051 533 2096 ex
553 2033 696 2096 Ecclesiae
714 2032 940 2108 benedictione,
956 2049 1019 2096 non
1042 2037 1168 2116 partici-

193 2126 282 2201 pant,
298 2120 352 2183 sed
368 2121 403 2182 iis
418 2121 460 2185 uti
476 2127 602 2203 possunt
613 2121 652 2182 ad
664 2120 897 2183 venerationem.
1140 2183 1142 2192 ,

236 2211 311 2271 Item
333 2206 586 2273 excommunicati
606 2214 748 2292 possunt,
769 2213 904 2290 tempore
917 2228 979 2290 quo
1001 2229 1065 2274 noo
1084 2215 1167 2280 osie-

193 2297 319 2360 brantur
332 2297 452 2376 divina,
473 2300 632 2362 ecclesiam
651 2298 767 2379 ingredi
782 2298 984 2360 adorandum
1005 2301 1165 2385 privatim,

118 2425 124 2431 -
192 2393 222 2451 et
234 2387 361 2450 seorsim
380 2387 419 2450 ab
432 2387 499 2451 aliis
516 2389 548 2450 in
565 2387 674 2452 sacello
692 2387 848 2462 distincto,
864 2389 928 2451 imo
947 2393 978 2452 ct
991 2389 1022 2451 in
1037 2391 1165 2474 eodem,
1267 2447 1268 2454 ,

193 2477 544 2559 moddpriratimorcot.
691 2543 700 2554 ‚¹

231 2568 518 2630 Excommunicatus
537 2573 658 2642 autem,
675 2567 727 2648 qui
748 2565 834 2628 veltet
848 2567 972 2628 missam
992 2569 1098 2632 audire
1119 2571 1165 2636 v‘el

192 2655 258 2718 atiis
270 2654 381 2718 divinis
394 2655 500 2717 otticiis
513 2655 673 2732 interesse,
686 2656 711 2716 si
726 2656 860 2716 monitus
871 2657 889 2716 a
902 2656 1057 2719 sacerdote
1073 2661 1164 2724 notter
1266 2707 1267 2736 ,

191 2745 291 2823 exire,
305 2743 431 2808 incrrrrit
445 2762 552 2804 novam
566 2743 912 2806 excommunicationem
926 2743 1015 2825 Papae
1029 2766 1163 2813 reserva-

191 2839 252 2895 tam
267 2832 349 2916 (can.
362 2831 402 2896 Sr‘
410 2834 478 2915 qtcr's
491 2836 521 2907 7,
534 2849 624 2896 causo
643 2837 691 2906 ti,
708 2851 738 2912 q.
761 2835 792 2906 3,
807 2849 874 2913 cap.
890 2831 983 2911 Illud,
1003 2835 1161 2902 Decterr'c.

191 2940 345 2997 excomm„
360 2929 392 2986 et
404 2938 471 3003 cap.
488 2919 542 2983 fin.
559 2921 738 2983 Desectam.
754 2938 908 2990 excomm„
922 2921 953 2984 in
964 2921 1028 3004 6⁰);
1044 2933 1073 2986 et
1084 2927 1163 2989 idam

185 3009 354 3072 dicendum
366 3014 411 3072 cst
423 3009 462 3072 de
473 3007 632 3072 interdicto
643 3008 842 3085 denuntiato,
857 3018 886 3072 et
901 3009 940 3072 ds
953 3013 1096 3078 omnious
1112 3017 1161 3087 nui
1265 2999 1266 3020 ¹

237 3091 388 3162 Sacerdos
399 3089 473 3158 vord
485 3103 777 3160 excommunicatus
785 3094 901 3162 faciens
912 3095 1072 3162 celebrare
1083 3099 1153 3162 mis·

198 3202 265 3248 sam
278 3202 385 3246 coram
395 3201 440 3258 sc,
450 3182 633 3264 irregularis
642 3184 779 3249 efficitur
789 3186 948 3268 (Glossain
961 3185 1059 3250 Gtem.
1071 3185 1102 3263 2,
1115 3188 1154 3252 Do

198 3271 384 3351 Pririlopiis,
402 3284 434 3333 ν0
449 3271 634 3357 acernen
648 3273 813 3340 celebrans
822 3274 898 3341 vero
910 3293 1017 3338 coram
1027 3295 1153 3340 excom-

199 3359 472 3448 municatozetiarn
489 3360 617 3424 vitando
632 3381 697 3426 non
721 3364 756 3426 fit
777 3363 971 3447 irregularis,
986 3382 1045 3428 nec
1061 3364 1154 3428 hodie

198 3447 332 3510 incurrit
345 3450 706 3513 excommunicationem
722 3453 891 3526 minorem,
905 3470 945 3517 cx
958 3471 1028 3534 cap.
1051 3453 1084 3518 Is
1105 3453 1155 3534 poi

199 3536 248 3613 18,
268 3537 446 3600 Dascntent.
464 3555 622 3614 sacomam,
638 3541 669 3600 in
684 3539 727 3602 6⁰.
1047 3611 1049 3618 ,

225 3623 1149 3736 Quandoexcomrnuniestusmonitustultabeeolesiaexin
