2618 4212
181 269 285 334 ἰιιιι
466 281 619 329 eoeneum
641 279 721 328 runis
742 278 889 328 canonici.

182 405 301 480 ==lcant3
318 417 355 464 ac
373 407 539 482 propterea
565 398 759 480 quandoque
782 397 828 473 fit,
863 401 898 460 ut
920 395 1113 460 intentuma
1134 395 1186 461 le-

192 490 393 576 gislatoribus
427 488 523 552 finem
551 487 637 550 baud
668 486 813 570 emplius
842 495 1079 568 assequantur,
1111 487 1181 553 imo

179 577 420 664 -etattquando,
445 587 480 640 ut
498 576 696 640 contrarium
717 575 895 639 sortiantur
922 574 1089 640 effectum.

231 671 327 752 ldque
341 667 517 732 dolendum
540 665 589 729 rel
608 666 746 729 maxime
760 675 806 728 est
828 663 979 746 obtigisse
1005 666 1113 748 quoad
1133 666 1183 730 le-

190 781 245 845 ges
272 758 413 841 plurium
440 755 740 838 congregationum,
771 752 966 819 Societatem
1007 765 1063 819 aut
1088 754 1185 820 losti-

191 861 333 915 tutorum
354 848 418 910 sive
434 846 605 909 mulierum
622 861 695 926 quae
723 851 792 910 rota
807 843 965 925 simplicia
988 855 1047 908 ant
1067 845 1171 909 solem

190 941 245 1004 nia
273 945 473 1020 nuncupant,
487 935 552 998 sire
577 935 719 998 virorum
741 931 935 1016 professione
964 951 1002 999 ac
1023 935 1186 1016 regimine

180 1029 318 1113 ,penitus
331 1027 486 1090 laicorum
504 1043 512 1102 ;
528 1023 790 1111 quandoquidem
807 1022 976 1106 aliquoties
990 1023 1023 1086 in
1048 1025 1185 1088 illorum

177 1114 476 1184 constitutionibus
488 1111 689 1176 conscientia
705 1109 919 1176 manifestatio
935 1114 1091 1194 permissa
1107 1113 1182 1177 fue·

177 1216 255 1284 Frat,
280 1213 315 1269 ut
337 1204 461 1268 facilius
486 1201 606 1266 alumni
627 1202 764 1266 arduam
798 1200 1000 1283 perfectionis
1022 1202 1108 1266 viam
1141 1203 1184 1268 ab

174 1297 325 1380 expertis
340 1291 561 1375 Superioribus
574 1291 609 1354 in
630 1291 738 1355 dubiis
751 1289 951 1354 addiscerent
967 1315 975 1370 ς
993 1301 1137 1356 econtra
1162 1312 1180 1355 a

177 1383 357 1450 nonnullis
388 1401 426 1445 ex
454 1381 505 1443 his
534 1381 649 1444 intima
677 1380 879 1444 conscientiae
908 1382 1071 1457 scrutatio,
1100 1400 1179 1464 quae

190 1475 284 1539 unice
318 1473 523 1536 Sacramento
550 1468 744 1533 Poenitentiae
771 1469 929 1532 reservata
952 1477 1011 1549 est,
1039 1469 1177 1534 inducta

175 1563 259 1627 rfuit.
284 1561 396 1624 Itidem
418 1559 451 1621 in
482 1558 770 1623 constitutionibus
790 1557 831 1622 ad
856 1558 1015 1622 tramitem
1040 1578 1083 1623 ss.
1115 1558 1177 1624 Ca·

176 1669 312 1717 ''nonum
342 1649 563 1732 praescriptum
589 1647 660 1726 fuit,
686 1655 721 1710 ut
746 1647 986 1712 sacramentalis
1014 1647 1181 1715 Confessio

188 1744 221 1806 in
237 1739 422 1824 hujusmodi
446 1736 737 1801 communitatibus
765 1737 854 1800 fieret
878 1739 1065 1821 respectivis
1093 1737 1180 1804 con-

174 1831 325 1896 massariis
354 1827 524 1890 ordinariis
555 1835 586 1890 et
607 1826 889 1904 extraordinariis3
911 1827 1042 1890 aliunde
1071 1827 1180 1910 Supe-

175 1923 308 1985 riorum
323 1916 488 1981 arbitrium
505 1935 541 1980 eo
554 1935 657 1999 usque
668 1916 805 1992 devenit,
822 1925 859 1980 ut
874 1916 1012 1980 subditis
1028 1916 1179 2002 aliquem

172 2007 476 2074 ¹entraordinarium
502 2005 734 2069 confessarium
759 2005 999 2089 denegaverint,
1019 2007 1119 2071 etiam
1145 2009 1178 2071 in

189 2118 262 2162 casu
280 2115 353 2180 quo,
376 2104 410 2159 ut
423 2096 558 2178 propriae
572 2095 774 2160 conscientiae
790 2095 1006 2172 consulerent,
1031 2115 1070 2160 eo
1086 2098 1180 2162 valde

176 2187 386 2267 indigebant.
413 2183 516 2247 lndita
538 2184 678 2266 denique
692 2187 736 2246 eis
749 2185 808 2248 fuit
823 2184 1023 2249 discretionis
1036 2205 1075 2250 ac
1101 2207 1179 2269 pru·

188 2277 302 2341 deutiae
324 2291 448 2349 norma,
477 2282 511 2336 ut
531 2292 606 2338 suos
636 2273 780 2338 subditos
807 2274 866 2338 rite
895 2283 1044 2357 recteque
1069 2278 1179 2359 quoad

176 2365 365 2448 ,peculiares
380 2363 583 2445 poenitentias
595 2380 632 2428 ac
644 2363 722 2428 alias
735 2365 859 2446 pietatis
871 2383 968 2446 opera
983 2365 1177 2448 dirigerent;

188 2455 243 2519 sed
254 2464 283 2518 et
306 2453 373 2516 baee
388 2471 445 2536 per
460 2452 646 2516 abusionem
660 2463 788 2516 extensa
803 2454 836 2517 in
850 2453 882 2517 id
897 2455 993 2517 etiarn
1007 2457 1123 2532 extitit,
1140 2468 1175 2520 ut

171 2546 232 2608 -eis
247 2544 285 2608 ad
301 2544 428 2608 Sacram
444 2540 596 2624 Synaxim
621 2542 770 2606 accedere
785 2543 833 2607 vel
848 2561 905 2625 pro
919 2543 1025 2606 lubitu
1052 2547 1176 2628 permi-

170 2635 296 2709 serint,
313 2633 361 2695 vel
376 2632 510 2696 omnino
526 2632 687 2696 interdum
705 2633 941 2715 prohibuerint.
960 2632 1040 2697 Hinc
1056 2633 1176 2699 lactum

168 2731 244 2802 est,
266 2733 300 2784 ut
321 2721 507 2801 hujusmodi
533 2721 769 2803 dispositiones,
797 2741 869 2805 quae
896 2723 936 2787 ad
970 2723 1175 2804 spiritualem

168 2859 172 2866 -
186 2811 395 2876 alumnorum
417 2810 592 2893 profectum
609 2819 639 2872 et
654 2812 695 2904 ιιι
710 2811 841 2875 unitatis
856 2830 967 2894 pacem
989 2821 1022 2876 et
1037 2832 1175 2882 concor-

186 2903 271 2967 diam
307 2902 340 2964 in
382 2899 671 2964 communitatibus
714 2901 902 2965 servandam
936 2901 1175 2990 fovendamque

168 2991 362 3055 salutariter
377 3008 414 3052 ao
438 2990 597 3072 sapienter
624 2990 803 3055 constituta
827 2991 892 3073 jam
923 2991 1063 3075 fuerant,
1084 2994 1175 3059 haud

170 3099 256 3144 =raro
270 3081 303 3142 in
317 3080 498 3142 animarum
522 3079 710 3157 discrimen,
726 3081 759 3143 in
773 3081 1041 3145 conscientiarum
1064 3087 1180 3149 anxie·

169 3180 292 3245 tatem,
308 3188 346 3232 ac
366 3170 497 3248 insuper
524 3169 555 3230 in
572 3177 710 3232 externae
735 3170 822 3252 pacis
837 3171 1052 3236 turbationem
1074 3141 1184 3239 versaex

183 3259 313 3334 fuerint,
329 3278 387 3322 ceu
404 3258 607 3322 subditorum
619 3277 765 3324 recursus
781 3267 811 3322 et
825 3261 1037 3343 querimoniae
1053 3266 1173 3346 passim

182 3349 220 3411 ad
247 3346 278 3410 S.
307 3347 421 3410 Sedem
443 3347 616 3428 interjectae
630 3349 867 3413 evidentissime
881 3351 1108 3433 comprobant.

220 3436 322 3510 Quare
348 3436 402 3500 SS.
418 3437 455 3498 D.
478 3436 516 3499 N.
544 3439 606 3500 Leo
621 3437 730 3500 diviua
752 3438 952 3520 providentia
974 3439 1058 3522 Papa
1085 3441 1159 3506 Xlll

182 3541 238 3605 pro
255 3543 303 3600 ea,
328 3543 390 3606 qua
417 3533 543 3607 praestat
571 3543 644 3606 erga
660 3526 864 3590 lectissimam
882 3527 965 3592 hanc
985 3529 1035 3592 sui
1064 3533 1171 3614 gregis

151 3616 356 3693 portionem
377 3613 529 3693 peculiari
559 3613 835 3690 sollicitudinem
867 3617 1036 3683 Audientia
1060 3619 1172 3686 habita

162 3719 197 3762 .a
223 3718 274 3762 me
302 3698 461 3762 Gardinali
490 3701 638 3768 Praefecto
681 3705 711 3769 S.
743 3706 1001 3790 Congregatiouis
1039 3707 1171 3792 Episco-

164 3805 292 3865 porum
329 3798 360 3850 et
395 3789 601 3870 Regularium
638 3795 772 3876 negotiis
814 3805 845 3859 et
880 3796 1171 3865 consultationibus
