2590 4208
188 294 227 356 dt
457 301 612 348 unaucurt
631 299 715 346 tonis
734 299 883 346 caNONtcl.

189 421 326 487 mediate
346 417 387 480 ab
409 433 447 479 eo
471 413 511 476 ad
526 431 621 494 quem
636 412 721 476 bona
735 415 915 494 pertinent,
932 413 982 476 vel
998 413 1040 476 ab
1056 415 1174 495 aliquo

190 511 254 574 alio
268 507 398 572 nornine
418 501 631 586 proprietarii,
647 509 742 583 prout
756 501 790 564 lit
813 502 845 564 in
861 501 1018 565 institutis
1041 501 1076 564 in
1090 501 1167 583 qui·

191 600 251 663 bus
264 598 349 661 bona
373 593 594 673 religiosorum
617 589 910 652 administrantura
932 589 1174 670 superioribus..

230 686 277 750 Ad
297 702 393 766 quem
407 680 586 763 pertincant
607 677 691 740 bona
710 675 927 744 lnslitutorum
942 678 1166 758 religiosorum

192 776 312 842 dictum
327 771 388 834 luit
402 787 497 850 supra
511 778 549 829 n⁰
562 770 633 829 llil.

232 864 436 943 Unaquaeque
445 855 674 929 Commuuitas,
687 854 791 936 inquit
804 853 929 932 suarez,
940 835 1176 939 jus'proprium·
1279 908 1280 936 ,

194 952 290 1016 babet
304 968 359 1013 sua
373 949 459 1010 bona
472 943 732 1020 administrandi3
749 943 802 1005 sed
818 944 893 1025 quia
909 945 991 1007 istud
1005 945 1059 1026 jus
1074 962 1170 1027 prac-

194 1042 254 1103 tico
267 1037 378 1120 nequit
392 1054 410 1098 a
425 1042 490 1098 tota
505 1031 738 1095 communitate
759 1033 909 1107 exerceri,
931 1032 1066 1096 Praelata
1080 1051 1171 1097 com·

195 1129 276 1191 mitti
292 1127 371 1189 solet
384 1124 484 1205 ipsius
500 1120 700 1194 exercitium,
721 1119 769 1181 vel
783 1138 857 1182 cum
871 1121 1060 1184 omnimoda
1076 1121 1171 1185 inde-

195 1215 388 1300 pendentia,
412 1212 462 1274 rel
486 1229 560 1273 curn
585 1207 719 1271 consilio
747 1220 801 1270 aut
826 1227 982 1273 consensu
1008 1209 1171 1292 Capituli,

193 1306 288 1367 etiarn
303 1320 377 1364 curn
392 1299 542 1362 facultate
556 1296 737 1372 alienandi,
757 1297 853 1360 modo
865 1317 930 1361 nou
946 1301 978 1361 iu
993 1298 1173 1362 detrimen-

195 1403 276 1468 tum,
290 1389 344 1452 sed
363 1389 396 1450 in
411 1386 591 1450 monasterii
606 1385 774 1448 utilitatem
789 1384 823 1447 id
837 1387 903 1449 liat.
921 1419 957 1435 -
974 1387 1047 1450 Hac
1063 1395 1172 1451 autern
1281 1431 1282 1434 ,

195 1487 332 1563 potestas
346 1477 549 1541 Pralatorum
564 1491 628 1537 nou
644 1482 691 1536 est
703 1481 840 1555 potestas
852 1475 1093 1556 jurisdictionis.
1111 1476 1173 1540 Sed

196 1569 301 1652 potius
323 1564 551 1630 dominationis
569 1563 719 1627 omnibus
739 1564 957 1642 superioribus
971 1565 1171 1640 inbaerentis,

196 1656 406 1720 subordinate
428 1661 533 1715 tamen
559 1651 738 1713 auctoritati
763 1649 884 1714 Summi
906 1651 1084 1728 Pontificis,
1106 1670 1173 1716 non

196 1745 298 1808 solum
312 1743 418 1826 quoad
434 1743 532 1804 altum
546 1739 744 1812 dominium,
758 1739 812 1802 sed
827 1742 921 1802 ctiam
936 1741 1044 1821 quoad
1062 1751 1173 1823 potes-

197 1842 293 1896 tatem
308 1830 545 1906 dominationis,
564 1846 636 1910 quae
650 1827 750 1908 Capiti
765 1827 912 1890 Ecclesiae
926 1828 958 1889 iu
973 1830 1083 1892 onmia
1099 1830 1174 1892 reli·

197 1924 283 2004 giosa
301 1920 445 1982 instituta
459 1917 633 1980 necessario
651 1917 795 1998 pertinet.

236 2010 346 2084 Quoad
359 2026 433 2071 vero
453 2007 637 2088 Episcopus,
660 2005 789 2068 seclusis
803 2006 1085 2071 constitutionibus
1100 2027 1175 2090 spo·

198 2099 342 2172 cialibus,
360 2095 543 2178 approbatis
558 2113 576 2156 a
591 2093 704 2158 Sancta
717 2092 808 2170 Sede,
825 2095 901 2176 ipsis
915 2113 979 2158 non
995 2096 1070 2158 licet
1084 2115 1119 2158 se
1132 2099 1176 2159 iu·

197 2205 304 2267 gerere
330 2187 362 2247 in
388 2181 572 2264 hujusmodi
597 2182 902 2246 administrationem
911 2204 920 2258 ;
947 2185 1021 2265 quia
1047 2184 1174 2248 nullam

197 2280 382 2355 potestatem
403 2271 633 2334 dominativam
647 2273 680 2334 in
696 2272 858 2351 religiosos
876 2271 1060 2354 possident,
1076 2274 1173 2337 etiam

197 2365 231 2426 in
246 2362 411 2434 moniales,
428 2361 487 2422 nisi
508 2361 540 2421 in
559 2361 715 2424 casibusa
733 2361 804 2442 jure
818 2361 868 2424 rel
889 2361 1174 2425 constitutionibus

198 2451 322 2516 Ordinis
336 2451 475 2531 legitime
489 2451 654 2512 concessis.
671 2449 792 2512 Habent
813 2457 917 2513 tamen
933 2452 966 2512 in
981 2450 1067 2513 bona
1082 2469 1173 2514 coru-

197 2538 572 2622 muuitatumquamdam
584 2537 811 2619 jurisdictionis
824 2546 1022 2618 potestatem,
1034 2539 1065 2600 vi
1082 2539 1174 2620 cujus

197 2648 339 2694 coercere
357 2638 388 2691 et
405 2629 519 2709 punire
537 2635 668 2710 possunt
687 2625 799 2689 delicta
815 2627 933 2707 quaein
953 2626 991 2687 iis
1015 2625 1173 2690 adminis-

197 2717 318 2780 trandis
342 2717 633 2788 committerentur,
663 2733 700 2777 ea
723 2733 839 2796 nenrpc
863 2714 1094 2796 dilapidando,
1120 2725 1174 2779 aut

197 2806 302 2868 nimiis
313 2805 427 2868 debitis
437 2813 492 2867 aut
505 2804 655 2867 oneribus
667 2803 841 2868 onerando.

237 2899 324 2959 1007.
348 2895 473 2969 Quaerit.
495 2894 527 2955 1⁰
547 2894 595 2955 Au
607 2893 678 2974 jure
692 2893 828 2974 positivo
841 2892 1043 2974 adempta‘in
1062 2893 1173 2977 aliquo

196 2983 290 3046 luerit
305 2985 456 3064 religiosis
470 2982 570 3044 libera
585 2981 743 3044 bonorum
758 2999 888 3044 suorum
911 2981 1172 3048 administratio?

236 3073 326 3153 Resp.
341 3072 386 3133 Ex
401 3071 527 3132 Extrav.
541 3069 710 3133 Ambitiosa
724 3069 812 3132 Pauli
827 3069 866 3144 ll,
880 3071 956 3132 anui
972 3074 1061 3147 ltus,
1076 3073 1171 3154 expli·

194 3167 263 3223 cata
277 3171 307 3222 et
333 3158 517 3240 ampliata'l
538 3167 616 3240 sept.
637 3158 727 3234 loll,
751 3175 807 3241 per
820 3158 982 3221 decretum
1003 3157 1035 3222 S.
1053 3159 1169 3242 Congu.

194 3247 338 3322 Concilii,
353 3247 563 3328 approbatum
577 3247 618 3309 ab
640 3247 767 3311 Urbano
790 3247 880 3321 Vlll,
903 3247 1054 3312 alienatio
1069 3249 1169 3313 bono·

193 3353 267 3401 rum
281 3335 563 3400 ecclesiasticorum
579 3335 792 3399 immobilium
807 3344 839 3398 et
861 3334 1031 3399 mobilium
1047 3338 1168 3418 pretio·

194 3441 318 3498 sorum,
343 3430 373 3488 et
390 3441 501 3488 omnes
520 3429 552 3486 in
573 3423 690 3486 eisdem
711 3432 903 3487 enumerata
924 3423 1166 3506 dispositiones,

107 3573 109 3578 ,
192 3513 374 3576 inconsulto
394 3513 535 3575 Romano
549 3511 700 3576 Pontifice
716 3523 859 3594 peractae,
876 3513 936 3574 sub
951 3513 1046 3577 variis
1065 3515 1168 3595 poenis

194 3601 414 3683 probibentur,
431 3602 457 3662 si
471 3602 550 3662 liant
563 3610 648 3662 extra
663 3620 754 3664 casus
768 3621 785 3664 a
799 3601 869 3682 jure
883 3609 1041 3684 exceptos,
1058 3599 1167 3666 videli-

193 3698 242 3752 eet
266 3698 353 3752 extra
375 3689 615 3765 necessitatem,
639 3689 768 3770 quando
791 3689 830 3752 de
850 3688 935 3752 facili
959 3700 1060 3770 potest
1081 3692 1164 3773 Papa

193 3777 283 3839 adiri.
301 3776 397 3841 Secus
410 3777 437 3839 si
457 3776 555 3838 laruas
568 3779 729 3850 regionem
744 3778 908 3855 invaserit,
928 3786 959 3840 et
973 3778 1065 3842 aliter
1080 3799 1161 3862 pau·
