2552 4204
398 331 424 366 ,;,
487 327 573 371 tisun
593 326 724 372 rennos.
1037 313 1095 372 ⁷²³
1185 389 1196 394 -

116 422 266 502 'attingant
281 422 337 484 nisi
351 422 390 484 de
404 423 440 485 iis
453 423 504 486 fiat
518 427 633 486 montio
647 443 797 505 expresse.
811 429 853 488 lte
866 419 934 506 unp.
949 425 1027 500 Ouio
1041 444 1094 506 pe·

116 511 290 582 rieulosurn,
305 509 350 572 De
358 519 480 573 sentent.
497 533 653 590 excomm„
667 515 699 574 in
714 517 756 576 6⁰.
1093 591 1094 594 Ἴ

154 601 330 680 Suspensus
343 599 382 661 ab
400 599 499 662 officio
520 602 652 682 privatur
673 601 897 680 Jurisdietione,
917 602 956 664 ita
969 609 1001 664 ut
1022 601 1096 664 nuiii
1167 635 1174 644 ·

115 688 178 752 siut
191 687 288 768 ipsius
302 694 387 750 aetus
400 689 425 751 si
439 689 635 754 denuntiatus
649 691 687 754 sit
704 711 711 751 :
730 691 813 754 nulia
831 698 887 768 est,
902 711 930 754 v.
948 713 991 772 g.,
1007 693 1094 754 abso·
1116 741 1121 749 .

109 777 195 840 -iutio
209 776 330 857 abipso
346 776 432 850 dste3
447 796 535 841 senus
549 779 571 844 si
588 779 625 841 sit
637 779 790 842 toleratus.

155 865 285 928 collatio
295 871 395 928 eutem
405 866 545 929 beneficii
562 870 638 931 taeta
652 887 800 950 suspenso
814 867 852 929 ab
866 869 976 942 officio,
990 869 1044 930 etsi
1058 870 1095 932 ab

116 955 183 1036 ipso
202 954 241 1016 sit
261 960 433 1036 acceptata,
450 955 558 1018 irritari
583 963 680 1038 potest
701 977 754 1038 per
772 957 883 1036 judicis
902 959 1093 1021 sententiam.

117 1041 286 1124 Suspensin
297 1049 400 1104 tamen
414 1063 474 1106 non
488 1045 584 1125 privat
595 1045 745 1108 beneficio
753 1046 816 1127 jam
829 1046 962 1109 obtento.

158 1133 191 1194 Si
202 1131 322 1194 eoiietio
337 1130 387 1193 fiat
401 1150 548 1214 suspenso
562 1134 600 1194 ab
612 1135 696 1196 omni
710 1133 869 1211 beneficio,
887 1137 993 1197 irritari
1008 1135 1096 1198 debet

118 1239 174 1303 per
188 1220 369 1283 sententiam
381 1221 492 1300 iudicis
499 1240 509 1297 ;
526 1221 578 1284 sed
592 1221 706 1286 intereo
720 1241 885 1304 suspensus
898 1224 1013 1306 fructus
1034 1243 1095 1287 non

117 1309 190 1372 inuit
213 1327 285 1372 suos
301 1329 308 1370 :
325 1307 388 1370 imo
411 1309 500 1372 etiem
524 1315 592 1391 post
614 1311 852 1391 absoiutionem,
876 1319 995 1376 tenetur
1019 1309 1096 1376 maid

119 1403 279 1480 perceptos
295 1397 471 1478 restituere,
496 1398 553 1462 nisi
573 1400 827 1464 condonationem
850 1420 957 1465 eorum
980 1403 1095 1482 nispe

119 1485 310 1552 obtinuisset.

158 1579 230 1640 854.
248 1574 349 1648 Ouoeri
362 1575 411 1638 hio
424 1583 523 1656 posset
536 1595 574 1638 en
589 1597 753 1658 suspensus
767 1579 955 1655 ebeneiioio,
968 1580 1095 1654 fruetus,

119 1665 145 1727 si
161 1665 200 1727 sit
215 1681 344 1746 pauper,
363 1664 456 1744 possit
469 1664 525 1726 sibi
541 1665 693 1726 retinere?

158 1755 252 1834 Resp.
271 1752 454 1814 Affirmetivb
468 1753 493 1814 si
508 1755 666 1834 suspensio
681 1755 718 1816 sit
733 1754 791 1816 ieta
806 1755 836 1816 in
852 1773 974 1836 poenam
988 1757 1095 1817 crimi-

121 1844 169 1906 nis
182 1840 311 1905 omninb
325 1841 484 1922 praeteriti;
505 1860 591 1903 secus
610 1841 634 1902 si
650 1841 740 1903 fuerit
753 1843 872 1904 incussu
886 1842 926 1904 ob
940 1849 1096 1905 contuma-

120 1933 216 2008 ciam,
235 1931 306 2013 quia
319 1931 454 1994 Ecclesia
469 1949 530 1992 non
544 1929 634 1992 debet
648 1931 808 1994 subvenire
822 1932 849 1992 ei
863 1932 915 2013 qui
931 1932 1010 1993 illem
1026 1951 1096 1994 oon·

120 2020 245 2097 temnit,
261 2019 427 2102 praesertinr
441 2019 513 2081 cum
532 2017 654 2100 possiti
673 2020 728 2081 sud
741 2021 931 2084 contumacia
943 2021 1094 2084 recedere.

123 2113 280 2186 Attamen,
302 2107 328 2170 si
348 2125 515 2188 suspensus
533 2107 669 2169 occultus
689 2107 741 2184 sit,
761 2115 790 2170 et
804 2109 907 2172 munia
921 2128 976 2173 sua
989 2111 1096 2192 impie·

120 2199 214 2275 verit,
239 2195 348 2279 poterit
370 2195 426 2257 sibi
448 2194 576 2258 retinere
600 2205 715 2276 partem
729 2216 821 2279 quam
843 2198 915 2261 dare
937 2199 1096 2262 substituto

120 2286 287 2362 debuisset,
300 2285 372 2366 quie
385 2283 450 2346 haeo
461 2302 530 2365 pars
544 2302 605 2346 non
618 2294 662 2346 est
675 2285 814 2349 habenda
828 2291 861 2348 ut
872 2286 987 2351 fruetus
1000 2289 1095 2352 beno-

121 2375 195 2450 iieii,
210 2372 265 2438 sed
276 2375 376 2455 potius
390 2381 423 2436 ut
437 2372 620 2453 stipendium
636 2374 754 2438 laboris.

163 2463 262 2527 Hodie
276 2463 308 2524 in
318 2462 413 2526 uertit
425 2462 552 2525 olerious
564 2465 753 2544 suspensust
764 2464 912 2528 beneiieio
925 2485 987 2528 non
1000 2473 1096 2546 potest

120 2553 257 2636 legitime
280 2551 337 2614 sibi
357 2551 505 2624 retinere,
522 2551 579 2614 nisi
599 2558 688 2632 prout
708 2551 800 2616 modo
812 2552 928 2616 dietum
941 2561 1005 2630 est,
1020 2573 1096 2636 pen·

120 2643 241 2706 sionem
256 2639 313 2722 ipsi
331 2640 349 2702 ir
364 2639 517 2702 Gubernio
532 2639 676 2715 solutam,
691 2641 763 2721 quie
782 2639 848 2705 hmo
870 2644 977 2723 pensio
1000 2643 1097 2706 induit
1112 2646 1114 2650 '

121 2737 264 2796 naturam
278 2727 450 2792 reddituum
465 2727 749 2791 ecclesiastieorum.

161 2823 234 2884 855.
252 2815 416 2897 Suspensio
431 2815 501 2878 ierri
516 2823 614 2896 potest
625 2816 670 2878 vel
684 2823 718 2879 ut
730 2835 857 2881 censura
872 2819 993 2900 proprie
1006 2819 1095 2899 dieto,

121 2929 177 2973 seu
190 2916 338 2990 tanquam
348 2923 437 2986 poena
449 2903 648 2980 medicinalis,
661 2922 716 2984 pro
728 2904 838 2968 delicto
852 2924 914 2968 non
929 2907 1011 2969 mere
1025 2927 1098 2988 prm·

121 2999 227 3072 terito,
243 3001 312 3078 post
325 2993 467 3075 praeviam
487 2991 702 3069 monitionem,
718 3012 846 3077 quaeque
866 2993 929 3058 tolli
942 2994 1032 3057 debet
1045 3015 1098 3078 per

122 3085 347 3152 absolutionem
369 3080 492 3164 qrrando
523 3099 593 3144 reus
616 3083 819 3159 emendatum
841 3084 889 3147 vel
912 3085 1003 3148 etiem
1029 3085 1098 3149 ferri

122 3179 224 3259 potest
237 3178 270 3236 ut
284 3189 373 3254 pmno
384 3167 576 3246 rindiestive,
591 3178 620 3232 et
634 3177 708 3234 tune
722 3171 830 3254 praevia
841 3173 968 3236 monitio
983 3183 1099 3240 nonest

124 3261 312 3336 necessarie,
330 3277 366 3322 ro
387 3257 459 3321 terri
481 3263 578 3341 potest
596 3257 643 3320 vel
657 3277 713 3343 pro
734 3266 870 3340 ternpore
888 3261 1098 3346 determinato,

124 3353 171 3416 vei
186 3350 224 3414 nd
239 3347 476 3430 beneplacitum,
491 3345 538 3410 rei
558 3346 648 3409 etinnr
663 3347 694 3410 in
709 3354 907 3428 perpetuum,
923 3369 979 3432 pro
992 3351 1099 3417 deiioto

124 3441 210 3503 ruere
230 3437 446 3520 praeterito-
466 3434 498 3498 si
521 3433 630 3497 seratur
653 3454 708 3518 pro
730 3441 866 3518 tompore
885 3438 1099 3519 determinato,

124 3533 222 3592 eessat
236 3525 340 3606 eiapso
350 3531 487 3606 tempore
500 3521 650 3605 assignato
659 3524 772 3608 absque
785 3527 990 3605 absolutione3
1006 3537 1099 3610 potest

125 3624 230 3680 tumen
243 3613 336 3678 etium
348 3613 410 3674 toiti
426 3619 495 3676 ante
514 3611 695 3690 terminum,
715 3613 769 3678 sed
786 3622 859 3680 tune
879 3635 932 3698 per
945 3616 1100 3698 dispense-

126 3704 259 3780 tionem,
275 3719 337 3765 non
352 3701 423 3764 verb
438 3718 491 3782 per
505 3698 725 3764 absolutionem
748 3699 828 3785 (esp.
852 3704 927 3767 Citm
948 3705 1054 3766 eterni
1072 3709 1100 3783 t,

130 3785 174 3855 De
187 3798 311 3871 sentent.
324 3797 353 3851 et
363 3809 395 3850 re
402 3787 518 3868 judie,
530 3787 560 3848 in
575 3788 631 3859 θ’).
