2574 4198
196 265 256 330 602
461 269 615 321 trunsum
634 269 717 316 tants
737 268 887 316 canorum.

190 374 271 437 tandi
286 372 422 434 divinum
436 369 570 432 officium
582 366 704 428 alternis
717 365 842 428 vocilius
852 384 859 424 ι
871 365 973 446 plures
986 365 1071 426 enim
1085 365 1170 431 huns

191 461 316 530 modum
332 461 469 522 tribuunt
481 460 512 520 S.
526 457 643 537 lgnatio
657 454 781 534 martyri
792 474 799 528 ;
812 453 865 514 sed
877 473 937 514 non
949 453 1069 515 videtur
1077 455 1172 518 fuisse

190 548 380 612 introductus
392 549 422 609 in
433 547 597 610 Occidente
608 550 678 606 ante
688 544 719 606 S.
737 542 940 620 Ambrosium,
953 543 1005 622 qui
1020 543 1058 604 ad
1069 545 1173 607 Orien·

191 639 296 701 talium
317 637 515 700 imitationem
528 644 556 697 at
580 634 618 696 ad
637 629 797 694 levandum
813 631 915 712 populi
934 631 1071 710 taedium,
1094 652 1174 697 noc·
1284 695 1285 706 .

193 729 238 787 tes
252 727 383 806 integras
401 723 594 804 transigentis
615 722 647 784 in
666 720 779 800 templo
793 720 833 780 ob
848 721 1091 800 persecutionem
1109 723 1176 785 lus
1285 736 1286 749 ¹

195 814 264 875 tinae
283 817 439 896 Augustae,
458 814 544 874 illum
563 811 682 891 primus
698 807 815 869 induxit
829 807 861 867 in
875 808 1042 870 Ecclesiam
1062 811 1175 874 Medio-

168 977 170 984 Α
196 903 369 980 lonensem,
388 908 464 965 teste
487 902 614 982 ipsomet
634 900 666 960 S.
693 897 879 976 Augustino,
904 896 955 960 lib.
971 901 1002 972 9,
1026 897 1175 980 Causast,
1285 968 1286 981 ἶ

165 1053 167 1062 ,
194 1009 260 1072 cap.
277 997 307 1054 7.
1285 988 1286 1007 ¹

162 1091 171 1149 l
235 1081 345 1140 Cantus
358 1077 578 1140 ecclesiasticus
591 1077 666 1139 solet
678 1073 777 1138 vocari
786 1073 896 1154 planas
908 1094 915 1136 :
929 1083 959 1137 et
972 1075 1015 1138 slc
1028 1075 1176 1138 denomi·
1284 1089 1285 1124 1

197 1172 295 1241 natur,
320 1166 390 1245 quia
412 1171 445 1226 ut
470 1167 635 1245 plurimum
662 1165 701 1225 de'
723 1163 815 1244 plano
838 1163 976 1243 procedit
1003 1165 1175 1227 secundum

199 1254 363 1315 naturalem
384 1252 530 1314 diatonici
550 1271 602 1313 seu
626 1271 753 1333 pummoe
769 1251 1018 1330 dispositionem,
1039 1254 1176 1334 singulas

50 1347 52 1351 '
165 1369 167 1402 1
198 1348 283 1402 nolas
301 1341 363 1402 fere
384 1341 492 1421 aequali
506 1343 651 1421 temporis
665 1343 808 1401 mensura
824 1338 1044 1417 denuntiando,
1057 1349 1088 1404 et
1103 1361 1177 1404 cum

167 1433 168 1440 ’
198 1430 339 1492 uniformi
355 1447 463 1492 vocum
477 1430 656 1504 concordia,
677 1429 777 1490 differt
794 1430 915 1490 acantu
928 1417 1108 1494 harmonico
1122 1451 1177 1494 seu
1284 1443 1285 1482 1

199 1519 330 1596 musico,
341 1519 378 1578 ‘in
398 1537 459 1598 quo
477 1518 600 1579 econtra
616 1525 661 1579 est
676 1535 786 1598 magna
800 1535 946 1578 sonorum
963 1524 993 1578 et
1006 1519 1178 1582 intervallo-

198 1625 266 1669 rum
281 1607 447 1670 diversitas.
530 1645 533 1648 -
1284 1669 1285 1684 2

237 1697 412 1778 Praecipuus
431 1702 535 1760 auctor
556 1698 663 1760 cantus
679 1695 770 1777 ploni
787 1700 942 1776 reputatur
962 1695 993 1757 S.
1011 1697 1176 1776 Gregorius
1284 1737 1285 1756 .

198 1785 337 1866 Magnus,
353 1792 436 1847 sexto
451 1786 561 1848 saeculo
578 1805 585 1846 :
606 1785 734 1864 ideoque
750 1789 856 1844 cantus
869 1782 1044 1864 hujusmodi
1061 1785 1176 1868 Grcqo-
1284 1813 1285 1822 ¹

199 1875 301 1936 sionna
315 1884 518 1956 nuncupatur.

237 1963 381 2024 Inductus
407 1963 463 2026 fuit
495 1965 527 2024 in
555 1963 663 2024 Gallias
690 1961 882 2042 potissimum
911 1967 1049 2042 tempore
1076 1965 1178 2029 Caroli

197 2051 297 2130 Magni
314 2069 321 2110 :
337 2050 467 2131 plurima
483 2057 585 2112 tamen
607 2069 748 2112 successu
770 2056 939 2131 temporum
957 2069 993 2112 ac
1007 2057 1178 2131 praesertim

197 2139 244 2200 his
264 2139 378 2200 ultimis
392 2139 508 2202 saeculis
521 2141 549 2203 ei
564 2141 700 2200 immixta
714 2146 805 2215 sunt3
822 2139 904 2201 unde
917 2147 964 2200 sat
979 2149 1097 2202 constat
1112 2163 1179 2208 non

197 2228 327 2308 amplilrs
341 2226 430 2289 hodie
446 2233 570 2290 cantum
593 2245 770 2308 permanere
794 2228 892 2308 qualis
905 2227 999 2290 suerat
1019 2231 1036 2290 a
1051 2231 1082 2292 S.
1101 2235 1177 2297 Gre-

198 2317 283 2397 gorio
303 2317 466 2400 institutus.
484 2318 596 2378 Revera
617 2316 767 2396 publicata
781 2316 855 2393 luit,
872 2335 954 2378 anno
973 2322 1062 2395 185l,
1082 2321 1179 2386 editio

198 2407 317 2480 cantus,
332 2408 393 2485 qut
407 2405 568 2466 restaurari
582 2405 666 2486 quasi
680 2405 796 2485 integre
809 2405 942 2466 creditus
956 2405 1011 2468 fuit
1024 2407 1175 2488 ejusmodi
1285 2422 1286 2433 ¹

197 2503 304 2556 cantus
326 2493 548 2572 Gregoriauus,
574 2494 626 2554 sed
648 2493 745 2554 adhuc
770 2501 872 2555 tamen
896 2505 1059 2573 supersunt
1080 2498 1175 2562 dubia

198 2583 299 2662 quoad
312 2581 380 2657 hoc,
396 2583 502 2644 saltem
517 2583 547 2643 in
562 2583 709 2662 pluribus.
1284 2593 1285 2600 ’

239 2670 463 2731 Conservationi
484 2677 584 2731 aulem
605 2673 714 2731 cantus
734 2670 901 2750 plurimum
918 2673 1046 2735 contulit
1070 2695 1175 2742 mona·

199 2758 274 2821 chus
299 2757 396 2820 Guido
421 2760 582 2835 Aretinus,
611 2759 684 2839 qui,
713 2777 794 2820 anno
823 2764 919 2836 lota,
948 2762 1062 2826 invenit
1089 2767 1176 2848 signa
1285 2776 1286 2779 ’

201 2846 340 2929 mamma)
357 2853 386 2908 et
399 2847 576 2910 methodum
591 2848 702 2928 quibus
716 2847 805 2908 hodie
818 2858 925 2910 cantus
938 2850 1130 2918 describitur.

239 2937 386 2998 Caeterum
406 2937 489 2998 nulla
512 2943 569 2998 stat
593 2937 654 3012 lex,
678 2937 784 2997 saltem
807 2939 974 3016 generalis,
998 2942 1177 3020 qualorum
1284 2947 1285 2952 ’

199 3025 397 3088 determinata
410 3026 517 3086 cantus
536 3027 566 3084 in
581 3027 714 3085 Ecclesia
736 3026 946 3106 praescribatur
962 3046 970 3088 :
990 3037 1089 3110 potest
1103 3051 1178 3114 ergo

180 3127 390 3198 ,unaquaeque
413 3113 550 3176 dioecesis
564 3113 721 3194 proprium
743 3119 866 3175 cantum
891 3134 1020 3193 servare,
1036 3119 1083 3180 vel
1104 3141 1178 3184 eum

184 3205 251 3286 ,nui
277 3203 304 3264 ei
336 3202 431 3284 magis
455 3202 571 3282 placet,
607 3202 778 3282 adoptando
805 3204 972 3266 Romanam
994 3205 1177 3290 liturgiam,

199 3292 327 3371 eligere.

175 3449 179 3456 ,
243 3411 258 3447 n
279 3389 390 3450 Planus
411 3394 528 3463 cantus,
551 3387 589 3448 ait
610 3387 722 3448 Bened.
742 3391 820 3462 xlv,
840 3391 942 3454 Const.
964 3394 1080 3473 Annus,
1096 3395 1175 3459 tide·

203 3501 217 3542 c
240 3477 315 3538 lium
327 3477 446 3538 animos
459 3478 495 3536 ad
511 3477 702 3537 devotionem
715 3478 822 3537 excitat
837 3525 844 3551 ,
860 3479 885 3538 si
900 3483 980 3542 recte
995 3491 1175 3564 peragatur;

205 3589 218 3621 r
241 3567 257 3627 a
278 3565 334 3646 piis
361 3564 536 3625 hominibus
559 3565 755 3626 liuentissime
780 3566 912 3643 auditur,
936 3575 967 3630 et
989 3572 1095 3649 alteri,
1122 3574 1175 3654 qui

205 3677 219 3712 c
241 3654 425 3714 harmonicus
444 3671 497 3714 scu
524 3654 650 3713 mttsirus
667 3652 798 3731 dicitur,
820 3657 929 3718 merild
949 3659 1125 3738 praesertum
1146 3669 1176 3725 cl

207 3766 220 3800 κ
243 3742 309 3804 idad
323 3741 437 3803 Concil.
453 3739 586 3801 Trident.
605 3741 690 3819 (sess.
707 3747 757 3819 23,
770 3762 798 3805 c.
816 3747 865 3819 l8,
882 3745 927 3808 'De
940 3748 1077 3829 rafam.)
1092 3769 1174 3829 prae-
