2552 4204
174 306 246 375 '¹138
458 317 613 365 ausaausa
634 316 716 363 suras
735 313 885 363 annonam.

194 459 210 497 a
229 433 352 512 retnis).
374 431 446 492 liaeo
461 433 562 490 autem
579 424 704 487 infamia
717 424 756 486 ad
770 424 847 487 tilios
867 423 1078 489 hereticorum
1100 446 1167 491 noo

194 547 209 587 a
230 522 405 606 porrigitur,
422 519 493 579 cbm
510 515 540 576 id
559 515 643 577 nullo
654 516 721 594 jure
737 515 888 577 sancitum
906 518 954 578 sit.
975 521 1009 578 6⁰
1024 519 1168 600 lienique

169 637 179 644 -
195 637 211 675 a
233 613 357 694 privatio
371 608 533 690 sepultarae
543 603 790 667 ecclesiasticae...
806 623 814 667 :
830 623 896 686 cap.
907 603 1005 684 Sient,
1022 607 1058 668 de
1070 607 1169 671 isare·

171 689 174 694 ’
196 725 212 763 a
233 703 357 776 a'cr's...;
374 699 405 759 in
421 715 487 777 cap.
504 699 534 770 E,
551 692 670 768 eodem,
684 693 714 754 in
729 696 771 764 6⁰,
790 695 940 757 sancitum
952 702 1019 757 est:
1039 696 1080 758 Ut
1095 701 1170 780 qni·

197 808 354 870 acnmqnc
374 785 538 858 haereticos,
563 782 610 846 ael
637 781 794 858 credentes,
820 783 867 844 uel
893 795 1099 868 receptatores,
1122 788 1172 852 vei

198 879 405 960 «defensores,
433 874 478 937 uel
499 873 627 954 fautores
644 892 744 933 eorum
768 873 893 933 scienter
921 878 1172 956 pracsnmpserint

198 989 213 1029 a
234 965 433 1031 ecclesiasticae
453 962 612 1045 sepultura
626 959 752 1035 tradere,
775 963 948 1023 sententiam
969 973 1172 1030 cncommnni·

199 1081 214 1118 a
235 1057 358 1119 cationis
380 1055 535 1114 incurrant
556 1051 705 1132 usquead
728 1049 860 1112 idoneam
881 1053 1126 1134 satisfactionem.
1151 1081 1168 1118 ι

196 1144 321 1210 Etiamsi
345 1141 479 1204 haeretici
498 1158 560 1202 non
580 1141 639 1200 sint
652 1138 832 1215 denuntiati,
852 1140 943 1203 modo
961 1143 1021 1204 sint
1043 1149 1170 1226 notorii,

198 1233 427 1299 controvertitur
441 1249 479 1291 an
494 1236 567 1292 tuno
582 1228 790 1292 coemeterium
808 1229 971 1309 polluatur.
989 1234 1172 1300 Mandantes

200 1323 319 1387 tantum
341 1326 393 1383 aut
418 1325 560 1399 cogentes
581 1318 656 1378 tradi
679 1317 844 1397 sepultura
867 1317 1023 1385 haer'eticos
1045 1341 1172 1390 excom·

199 1408 437 1482 manicationem
451 1409 621 1469 incurrunt.
639 1407 685 1483 (G.
702 1409 758 1483 Ap.
776 1404 858 1476 Sed.)

237 1515 307 1572 dria.
332 1514 453 1580 Quarti.
472 1517 502 1574 t·
519 1518 542 1572 Α
558 1521 740 1594 quibusoam
755 1521 785 1575 et
798 1514 1126 1593 quaraouonaereticus
1139 1518 1176 1577 sit

198 1594 421 1662 absolvendus?

238 1687 328 1768 Resp.
347 1689 450 1760 Quoad
467 1689 596 1770 primam
617 1689 793 1771 quaestiouis
808 1692 923 1769 partem
942 1685 1010 1749 vide
1023 1687 1106 1751 diota
1119 1709 1175 1754 su·

198 1791 251 1856 pra
266 1775 358 1860 (464).
379 1776 482 1849 Quoad
497 1780 567 1841 verb
582 1778 747 1841 secundam
763 1784 877 1859 partem
894 1775 918 1838 si
934 1781 1041 1857 agatur
1055 1777 1093 1840 de
1106 1778 1175 1841 lora

198 1872 343 1928 externo:
361 1871 392 1930 1⁰
405 1867 492 1948 Exigi
501 1867 590 1929 debet
603 1873 672 1929 ante
686 1867 790 1928 omnia
802 1863 925 1928 haeresis
936 1864 1103 1943 abjuratio,
1119 1887 1174 1949 pro

198 1955 259 2033 qut
272 1956 396 2017 consulo
413 1955 584 2018 Pontifioale
597 1975 604 2017 :
618 1954 745 2018 ordoud
757 1951 1029 2032 reconciliandam,
1047 1957 1066 2018 3
1087 1975 1158 2037 pars
1164 1977 1172 2033 ;

197 2041 245 2102 vel
260 2043 283 2102 si
299 2042 447 2122 abiuratio
457 2043 494 2105 ab
507 2045 565 2106 alio
580 2046 671 2126 quam
683 2043 720 2104 ab
730 2043 880 2124 Episcopo
891 2047 970 2104 essct
985 2041 1172 2124 recipienda,
1260 2077 1261 2093 r

188 2123 427 2194 'determinanda
442 2139 520 2194 esset
535 2133 631 2194 torma
646 2132 683 2193 ab
703 2150 739 2193 eo
754 2133 806 2218 qui
824 2131 873 2192 dat
889 2129 1061 2193 facultatem
1076 2130 1172 2196 harre·
1259 2171 1260 2195 t

189 2217 292 2308 ¹ticum
307 2221 533 2284 reconsiliandi.
554 2224 587 2282 ln
604 2220 697 2282 Gallia
716 2221 759 2282 sio
773 2219 939 2299 generatim
954 2219 1173 2284 conficiebatur
1258 2271 1259 2297 ,

197 2314 281 2369 actus
305 2309 525 2388 abjurationem
548 2309 703 2372 reterens:
730 2307 828 2372 aN...
844 2305 1047 2391 Episcopus...
1070 2319 1172 2372 notam

196 2395 324 2477 facimus
340 2399 501 2470 uniuersis,
528 2397 614 2462 die...
638 2395 706 2461 N...
728 2397 861 2460 haeresim
879 2393 948 2462 N...
973 2414 1064 2477 quam
1087 2405 1172 2460 antea

188 2485 393 2568 'profitebatur
413 2487 591 2569 deposuisse,
615 2505 650 2549 oc
673 2485 747 2568 fidei
767 2483 928 2559 catholice,
950 2485 1125 2568 apostaticae
1142 2496 1172 2547 ct
1256 2485 1257 2501 ¹

196 2593 327 2638 romanoe
338 2577 545 2659 professionem
552 2575 649 2658 jactu
669 2575 796 2658 formum
810 2575 847 2635 ab
860 2573 996 2636 Ecclesid
1006 2576 1169 2657 praescrip·
1255 2589 1256 2603 ¹

198 2672 259 2723 tam
272 2663 415 2740 emisisse,
431 2666 584 2746 ipsumque
602 2664 749 2726 doincnlo
762 2663 1078 2746 excommunicationis
1089 2664 1171 2726 salu·-
1254 2683 1255 2705 ¹

176 2815 179 2820 .
196 2759 275 2828 tam,
288 2771 344 2834 quo
353 2763 481 2836 propter
494 2752 604 2816 dictam
619 2751 752 2816 baeresim
768 2752 877 2835 ligatas
891 2759 969 2828 erat,
985 2751 1019 2812 in
1032 2749 1171 2816 Ecclesid
1253 2787 1254 2805 .

188 2839 346 2904 'catholicd
361 2851 507 2925 receptum
520 2844 648 2924 fuisse.»

234 2933 269 2992 2⁰
289 2931 426 3013 Expandi
451 2931 538 2994 debet
564 2952 602 2994 aa
620 2931 779 2994 haeretious
795 2935 1049 2999 reconciliandus
1077 2931 1169 2994 validi

195 3017 286 3082 luerit
299 3019 483 3102 baptizatus:
509 3019 540 3082 in
563 3020 656 3082 dubio
670 3026 772 3082 autem
792 3018 831 3082 de
852 3018 1003 3081 validitate
1023 3020 1167 3100 Baptismi

194 3105 392 3189 baptizandus
407 3113 453 3169 est
477 3107 533 3169 sub
546 3108 718 3171 conditione
727 3128 736 3184 ;
754 3114 857 3190 postea
879 3106 1082 3170 absolvendus
1096 3111 1167 3171 estt

196 3195 333 3257 censuris
345 3201 375 3257 et
390 3194 515 3272 deinde,
532 3197 633 3260 audita
652 3199 718 3278 ejus
733 3194 937 3270 confessione,
950 3194 1103 3258 absolutio
1119 3215 1166 3259 sa·

195 3283 387 3346 oramentalis
401 3284 439 3346 ab
452 3285 517 3367 ejus
532 3285 663 3368 peccatis
677 3284 733 3346 sub
743 3283 918 3346 corrditione
932 3289 976 3346 cst
990 3283 1048 3364 ipsi
1061 3284 1168 3367 imper·

195 3370 295 3433 tienda
310 3390 318 3432 ε
334 3373 465 3456 quippe,
484 3375 640 3456 supposito
661 3371 754 3434 dubio
778 3372 946 3453 baptismo,
970 3369 1103 3436 dubium
1126 3380 1167 3436 est

144 3501 146 3504 -
194 3460 305 3542 pariter
319 3479 358 3522 an
373 3463 439 3524 talis
454 3460 695 3525 reconciliandus
711 3460 842 3542 indigeat
855 3459 1057 3525 absolutione.
1081 3460 1167 3526 Juxta

194 3547 308 3614 Bened.
324 3552 390 3612 XIV
405 3549 462 3634 (lle
474 3551 564 3636 Syn,
581 3550 634 3614 lib.
650 3556 686 3629 9,
702 3568 769 3632 cap.
791 3555 826 3626 l,
843 3551 878 3611 n⁰
890 3552 939 3631 3),
957 3549 1120 3614 haereticus
1131 3551 1166 3613 ad

194 3635 324 3701 tribunal
340 3639 478 3724 Episcopi
490 3641 637 3704 deductus
648 3647 742 3721 potest
755 3639 839 3702 abeo
851 3637 1052 3717 reconciliari,
1068 3645 1099 3702 et
1113 3658 1165 3722 pro

195 3729 323 3810 utroque
337 3727 403 3791 toro
417 3727 531 3793 absolvi
546 3731 562 3791 a
581 3729 728 3794 censura:
745 3727 825 3806 imo,
841 3735 1001 3812 postquam
1016 3745 1091 3791 suos
1101 3731 1164 3810 eju·

193 3815 419 3892 mammonam,
442 3817 479 3879 ad
499 3817 667 3900 simplicem
681 3815 899 3880 confessarium
921 3815 1034 3879 remitti
1048 3822 1162 3899 potest,

194 3907 227 3962 ut
239 3902 278 3964 ab
293 3923 331 3966 eo
345 3903 539 3990 'absolvatur3
563 3924 660 3987 eaque
680 3904 845 3984 absolutio,
867 3905 937 3970 licat
958 3905 1028 3968 data
1051 3905 1085 3969 iu
1098 3903 1164 3970 toro

194 3993 422 4069 sacranmntali,
437 3994 558 4074 prodest
572 3992 662 4055 atium
682 4011 737 4073 pro
753 3994 817 4056 tora
833 4000 969 4060 externo.
