2574 4198
471 281 558 324 arura
579 279 737 324 secundus.
791 303 793 308 -
1033 279 1092 334 653

113 380 234 436 tenetur
247 376 374 439 recitare
387 379 523 441 officium
538 381 572 440 B.
588 383 635 456 ll.,
648 381 703 440 nisi
720 383 816 458 majus
830 383 963 446 officium
976 389 1093 467 recitet,

112 481 172 526 nec
186 463 257 524 facit
272 464 386 528 fructos
400 485 471 529 suos
486 469 510 530 si
525 468 651 530 omittat.

154 551 201 614 Ad
217 553 432 632 acquirendam
448 557 626 637 pensionem
646 557 807 636 requiritur
823 578 830 618 :
848 563 879 622 1ο
892 564 932 624 Ut
950 562 1098 630 obtinens

111 642 148 706 sit
170 659 285 720 capax;
308 643 435 724 proinde
458 651 491 706 ut
511 645 740 723 sulcabimus,
761 665 823 706 nun
844 654 1092 715 excommunica«

113 738 160 790 tus
174 770 186 806 ,
199 739 272 802 etc,
289 739 317 791 et
339 733 444 792 saltem
459 741 633 794 tonsuratus
645 754 654 807 ;
669 733 832 814 requiritur
846 741 876 797 2⁰
886 739 966 814 justa
980 760 1071 803 causa

111 837 139 878 v.
155 839 201 900 g.,
213 819 250 879 ad
264 819 407 882 alendum
419 840 595 903 pauperem,
607 823 647 882 ob
662 822 776 884 bonum
789 824 940 900 Ecclesiae,
952 829 988 888 ad
1001 832 1081 910 aequi

114 913 207 968 tatem
231 909 505 988 compensandam3
528 911 617 984 alitis,
643 911 742 990 inquit
765 913 795 974 St
819 913 955 994 Lignor,
981 917 1033 978 lib.
1056 921 1089 992 3,

113 1007 148 1056 n⁰
162 1000 225 1057 73:
247 997 417 1060 «obtinens
437 1017 499 1060 non
513 999 570 1061 erit
589 1007 671 1061 tutus
695 999 726 1060 in
749 1001 952 1081 conscientia,
975 1006 1090 1066 etiamst

116 1107 131 1142 a
152 1086 235 1166 Papa
247 1085 466 1164 dispensaverit
479 1109 510 1148 u.

153 1173 264 1234 Pensio
288 1175 319 1234 in
344 1175 469 1236 materid
487 1175 590 1238 odiost
610 1195 671 1237 non
689 1177 771 1238 venit
792 1179 916 1241 nomine
931 1180 1089 1258 beneficii,

113 1262 193 1330 bene
207 1268 312 1324 tamen
327 1263 357 1324 in
373 1263 498 1326 materid
512 1264 675 1326 favorabili.

151 1355 224 1414 793.
242 1385 280 1398 -
293 1347 417 1422 Ouae'rit.
433 1355 541 1416 Utrum
562 1353 600 1414 sit
615 1354 727 1416 licitum
741 1355 894 1436 resignare
908 1355 1094 1422 beneficium

113 1440 352 1506 ecclesiasticum
367 1489 374 1513 ‚
390 1444 542 1504 reservate
555 1445 657 1504 annuh
670 1444 837 1522 pensione?

151 1531 247 1608 Resp.
259 1531 327 1592 Jarn
343 1529 434 1591 luisse
447 1531 630 1593 satisfactum
642 1531 713 1594 huic
722 1535 880 1613 quaestioni
893 1555 900 1595 :
913 1535 981 1598 vide
993 1535 1087 1620 (292).

113 1617 300 1686 Audendum
314 1618 419 1682 estblc
431 1619 524 1699 quud,
536 1639 574 1681 ex
588 1621 619 1682 S.
636 1621 756 1700 Lignor.
774 1621 835 1699 (lib.
852 1627 882 1698 3,
899 1633 932 1683 n⁰
946 1625 1010 1705 72),
1023 1628 1094 1706 resi·

111 1714 241 1786 guantes
257 1713 383 1786 possunt
400 1725 432 1767 se
445 1707 578 1786 obligare
597 1708 739 1771 etiamad
757 1727 880 1789 poenam
895 1711 1091 1786 solvendam,

111 1797 135 1856 si
146 1813 333 1860 consensum
342 1795 492 1856 retrahant
502 1815 509 1856 :
518 1796 577 1858 hoc
586 1804 687 1856 lamen
697 1795 903 1874 dependenter
913 1800 929 1858 ὲ
940 1817 1092 1864 consensu

110 1883 232 1948 Praelati
245 1931 253 1958 ,
268 1885 339 1962 quia
353 1884 494 1964 obligatio
507 1902 568 1946 non
584 1891 759 1963 potestesse
777 1885 835 1945 nisi
846 1887 1059 1950 conditionata.

152 1972 241 2033 Adde
254 1971 378 2052 insuper
392 1973 473 2052 quod
490 1973 515 2034 is
536 1971 590 2053 qui
607 1972 739 2052 resignat
753 1991 823 2034 cum
843 1975 989 2054 pensione
1001 1979 1060 2038 inl
1078 2014 1088 2024 -

110 2079 215 2123 vorem
237 2060 316 2121 tertii
331 2078 391 2121 non
412 2067 509 2141 potest
522 2061 641 2141 exigere
657 2061 875 2142 hypothecam,
896 2065 940 2126 vel
957 2065 1089 2146 fideijus-

109 2151 249 2221 sionem,
274 2155 326 2210 aut
344 2149 538 2230 anticipatum
558 2150 761 2226 solutionem,
782 2151 839 2212 nisi
863 2151 929 2215 haec
957 2155 1047 2216 simul
1073 2159 1089 2218 h

110 2239 191 2320 Papa
212 2237 426 2312 admittantur,
453 2238 537 2317 quia,
552 2238 631 2300 circa
655 2239 817 2314 beneficia,
836 2240 904 2318 iura
929 2243 1090 2322 probibent

110 2329 215 2388 omnia
229 2333 316 2406 pacta
331 2344 399 2406 qaae
412 2325 449 2388 de
461 2327 529 2404 jure
544 2327 587 2388 eis
603 2346 664 2389 non
680 2330 794 2391 insunt.

150 2417 229 2476 Casu
245 2433 307 2495 quo
321 2415 519 2476 commutatio
528 2414 669 2478 effectum
685 2435 745 2477 non
762 2416 895 2492 haberet,
909 2427 1090 2484 controver-

109 2505 184 2566 titur
198 2522 237 2564 an
251 2510 455 2584 permutantes
468 2505 585 2566 valeant
599 2506 720 2587 propria
734 2507 910 2569 auctoritate
927 2507 964 2568 ad
979 2509 1092 2570 bench·

110 2593 157 2656 cia
185 2593 284 2653 redire
310 2611 317 2652 :
345 2593 521 2672 negantium
547 2594 677 2654 rationes
706 2601 777 2656 sunt
801 2595 884 2675 quod
909 2599 1091 2660 renuntians

109 2682 220 2742 amitat
235 2681 354 2740 titulum
368 2687 398 2740 et
411 2681 526 2758 indiget
537 2685 614 2744 novt
628 2683 787 2745 collatione
798 2703 805 2757 ;
818 2685 943 2766 insuper
959 2685 1089 2751 afferunt

111 2770 142 2830 in
155 2769 368 2850 probationem
383 2769 484 2848 plures
497 2771 667 2832 decisiones
681 2775 779 2832 Sacrae
791 2774 891 2842 Rotam
904 2775 1088 2838 affirmantes

110 2859 182 2922 verd
205 2857 312 2918 dicunt
333 2857 589 2920 renuntiationem
608 2859 698 2919 fuisse
712 2861 925 2920 tantummodo
947 2864 1091 2925 conditio

111 2953 235 3020 natam,
253 2945 380 3026 proinde
396 2945 510 3007 nullam
527 2965 592 3008 esse
610 2946 768 3007 deficiente
782 2947 966 3008 conditione.

149 3035 299 3098 Notandae
316 3041 386 3096 sunt
407 3035 531 3115 insuper
551 3035 763 3113 dispositiones
781 3035 876 3097 Ildictl
895 3038 983 3119 jussu
997 3039 1085 3099 lnno-

111 3124 201 3186 centii
221 3125 275 3184 Xll
291 3123 441 3198 emanati,
467 3127 501 3184 ll
526 3123 681 3186 novembr.
701 3127 799 3186 1692:
821 3146 836 3183 a
849 3124 1046 3205 Praecipimus
1060 3137 1091 3187 ot

115 3235 130 3272 a
149 3212 313 3274 statuimus
327 3230 364 3272 ne
380 3213 412 3272 in
436 3217 590 3292 posterum
605 3219 767 3292 graventur
777 3213 982 3294 parochiales,
996 3215 1084 3276 etiam

115 3322 130 3359 a
144 3301 224 3380 iuris
251 3303 423 3378 patronaths
450 3299 516 3361 laici
544 3301 769 3382 pensionibus:
792 3308 882 3382 atque
910 3299 969 3364 boc
997 3304 1086 3366 etiam

115 3411 130 3446 a
149 3389 374 3451 observeturab
389 3388 461 3467 ipsis
474 3388 609 3450 locorum
625 3389 805 3462 Ordinariis,
821 3390 854 3450 in
867 3391 1088 3470 provisionibus

116 3500 131 3536 a
149 3477 188 3539 ad
205 3478 288 3558 ipsos
302 3476 516 3556 spectantibus.
532 3478 680 3538 Praeterea
695 3495 733 3538 ne
747 3477 943 3541 admittantur
958 3481 1086 3560 resigna·

116 3588 131 3623 a
152 3567 312 3627 tioneseut
326 3565 563 3644 permutationes
578 3564 794 3643 parochialium
805 3584 875 3628 cum
887 3569 1089 3630 reservatione

116 3675 132 3712 a
151 3655 347 3736 pensionum,
359 3652 395 3712 ad
410 3652 632 3733 cujuscumque
644 3653 777 3715 favorem
787 3661 817 3716 et
827 3655 884 3717 sub
893 3673 1092 3736 quocumque

115 3763 129 3799 o
148 3743 252 3818 titulo,
268 3741 361 3804 etiam
376 3740 576 3801 praelationis
587 3741 800 3802 alimentorum
813 3741 970 3818 multdque
986 3743 1090 3802 minus
