2604 4196
448 338 534 382 trusa
556 336 714 382 sncuuous.
1004 316 1060 376 631
1082 342 1105 404 ,1

82 444 172 506 Sedis
188 437 771 523 1666111166666161116166661116616,
791 445 842 504 aut
861 441 893 501 in
912 439 971 500 rim
986 451 1063 496 con-

83 534 198 595 tractus
213 530 345 593 condita.
576 593 578 606 ,

121 622 218 703 Igitur
231 618 584 682 ltrclriconfraternitates
594 623 720 696 possunt
730 619 852 696 quidem
861 607 1066 694 indulgentias

82 717 112 772 et
126 711 239 792 gratias
253 707 423 790 spirituales
435 705 662 768 communicare
676 704 990 787 Gonfralernitatibu's,
1003 719 1065 762 nou

83 801 154 862 rard
166 797 288 880 propria
299 796 452 878 privilegia
466 843 474 870 ,
490 811 547 856 nec
561 793 651 854 etiam
667 802 773 856 statuta
786 794 843 856 nisi
857 791 1064 854 consentiente

83 896 112 949 61
125 889 318 970 approbante
333 885 503 947 Ordinario.
838 866 939 1042 M

123 975 296 1038 Visitationi
317 973 485 1054 Episcopali
503 971 630 1034 subsunt
648 971 835 1034 Confraterni
900 990 914 1032 s
931 987 938 1030 :
954 966 1064 1030 116116-

83 1067 211 1129 claravit
224 1064 256 1128 S.
271 1066 380 1144 Cuugr.
397 1061 574 1124 concitum
587 1061 665 1142 junii
682 1065 770 1124 trra.
835 1105 837 1110 -

124 1154 413 1218 confraternitatum
437 1150 693 1212 administratores
715 1150 857 1230 compelli
881 1150 1006 1230 possunt
1027 1144 1064 1204 ab

85 1247 239 1326 Episcopo
254 1243 292 1304 ad
312 1240 497 1304 reddendam
518 1241 664 1300 rationem
688 1257 750 1302 suae
776 1234 1061 1304 administrationis,

84 1342 115 1395 et
129 1334 168 1395 ad
182 1334 265 1395 hunc
281 1331 374 1392 linem
396 1329 463 1410 cogi
485 1338 610 1410 possunt
630 1329 667 1389 ad
686 1328 779 1390 libros
799 1321 1063 1390 administrationis

83 1422 270 1498 afferendos,
280 1421 328 1482 vel
341 1421 372 1480 in
386 1419 533 1480 Palatium
544 1417 713 1498 episcopale
726 1417 774 1478 vel
787 1417 877 1478 etiam
891 1415 922 1475 in
936 1413 1062 1474 domum
1159 1482 1163 1490 ,

87 1513 156 1586 ubi,
179 1519 318 1592 tempure
338 1508 534 1580 visitationis,
559 1507 726 1588 Episcopus
749 1506 830 1586 degit
854 1525 861 1565 :
889 1505 929 1564 ita
952 1501 1062 1582 pluries

86 1602 228 1664 decisum
242 1602 260 1662 a
274 1603 304 1662 S.
322 1599 354 1660 C.
371 1597 484 1658 Concil.
688 1645 690 1652 ,

128 1688 367 1752 Controvertitur
388 1705 427 1747 an
447 1685 615 1766 Episcopus
637 1703 691 1766 per
709 1683 806 1748 edicta
826 1681 956 1764 poenalia
969 1665 1078 1740 valent

87 1799 199 1864 cogere
213 1777 476 1841 Confraternilates
490 1793 559 1854 quae
573 1791 659 1834 saeco
674 1779 814 1846 utuntur,
837 1771 874 1831 ad
889 1767 982 1830 solitis
997 1784 1063 1846 pro-

88 1868 280 1932 cessionibus
302 1863 553 1928 interessendum.
582 1863 639 1922 llas
661 1861 801 1940 compelli
827 1875 915 1940 posse
939 1854 1065 1918 affirmat

91 1958 246 2032 Ferraris,
267 1955 292 2016 si
304 1954 381 2016 adsit
393 1949 600 2024 consuetudo,
620 1955 651 2010 61
671 1967 733 2014 non
750 1953 849 2010 exstet
863 1943 990 2026 speciale
1004 1942 1064 2023 pri-

90 2049 237 2128 vilegium
259 2043 459 2123 exemptionis
482 2061 488 2101 :
513 2041 583 2100 citat
603 2037 788 2100 decisionem
811 2037 841 2098 S.
867 2036 899 2096 C.
919 2035 1011 2095 Cono.
1034 2031 1065 2092 in

90 2134 242 2200 Nucerind
252 2134 420 2215 Puqunorss,
437 2134 473 2191 15
489 2147 552 2209 apr.
564 2131 652 2204 1690,
664 2135 693 2188 61
706 2127 737 2187 in
752 2123 940 2193 Nouuriensr‘,
954 2126 1062 2202 l6apr.

130 2316 331 2390 ordinarius,
364 2330 419 2394 per
446 2309 579 2389 seipsum
602 2312 654 2368 aut
676 2324 729 2386 per
752 2305 942 2386 delegatum,
970 2305 1067 2380 potest

91 2411 231 2470 assistere
254 2398 538 2482 congregationibus
565 2394 867 2468 confraternitatum,
894 2391 983 2453 etiam
1012 2406 1066 2467 pro

91 2494 293 2559 electionibus
307 2489 496 2560 officialium,
512 2483 628 2546 etiamsi
643 2482 748 2544 fierent
762 2483 794 2542 in
808 2479 942 2542 ecclesiis
952 2483 982 2538 et
995 2495 1065 2536 ora-

92 2587 176 2647 toriis
190 2581 377 2664 regularium
392 2577 422 2639 in
437 2575 547 2657 quibus
562 2579 632 2634 sunt
644 2579 770 2645 erectae,
787 2569 877 2630 modo
898 2585 960 2627 non
981 2563 1067 2625 faeiat

93 2676 252 2736 novitates.
266 2674 308 2731 lta
322 2667 455 2729 decisum
470 2666 528 2725 aS.
545 2664 577 2724 G.
591 2661 690 2742 Episc.
706 2665 736 2722 61
748 2657 887 2739 Regul.,l
897 2674 961 2737 apr.
978 2655 1065 2727 1696,

95 2767 131 2825 16
144 2761 202 2840 jul.
218 2762 313 2832 1600,
328 2759 366 2817 El
379 2772 448 2814 nov.
466 2754 561 2825 1699;
577 2756 681 2810 votum
692 2755 793 2808 tamen
806 2746 877 2806 dare
891 2762 953 2804 non
967 2741 1065 2804 debet.

95 2852 125 2913 S.
139 2853 173 2914 C.
188 2847 305 2910 Concil.
322 2845 353 2906 in
367 2841 517 2923 86116966,
533 2843 551 2900 5
565 2839 630 2916 jun.
649 2839 736 2896 1101.

133 2940 248 3020 Nequit
262 2937 428 3016 Episcopus
440 2928 605 2992 confratres
618 2923 765 3007 expellere
782 2929 832 2982 aut
846 2938 940 2982 novos
960 2917 1069 2980 admit-

97 3038 181 3106 tere;
209 3027 245 3089 ad
262 3025 388 3086 dubium
408 3039 474 3081 ran
488 3020 548 3080 sint
562 3011 763 3093 reintegrandi
783 3008 947 3071 confratres
964 3007 1070 3068 ultimo

102 3143 115 3179 1
135 3119 204 3181 1666
217 3114 307 3176 (161611
321 3113 358 3174 ab
372 3111 539 3191 Episcopo,
557 3112 587 3166 61
601 3101 764 3182 respective
776 3097 897 3160 delendi
912 3097 979 3158 novi
994 3114 1067 3157 con-

102 3232 117 3268 ι
136 3207 243 3270 fratres
256 3205 294 3268 ab
308 3202 456 3282 Episcopo
470 3193 556 3258 electi
573 3212 581 3250 :
596 3190 749 3272 respondit
764 3190 795 3252 S.
812 3188 923 3268 Gougr.
940 3185 1066 3261 Concil,

102 3320 117 3357 ι
136 3297 186 3359 die
202 3298 241 3356 16
255 3300 331 3373 sept.
348 3293 424 3352 trau
440 3306 447 3347 τ
464 3282 657 3364 Affirmatr'vd.
673 3301 689 3338 u

137 3389 211 3449 lteru
231 3381 335 3462 nequit
352 3379 518 3460 Episcopus
536 3372 592 3434 sibi
609 3385 763 3432 assumere
780 3364 1068 3428 administrationem

101 3476 248 3540 bonorum
270 3467 568 3539 uontrnternuatum,
591 3459 649 3520 nisi
670 3458 720 3518 illa
741 3457 821 3516 bona
840 3453 1070 3516 aooufratribus

100 3565 338 3646 dilapidarentur
356 3559 426 3636 :ius
445 3562 545 3614 tamor
568 3548 655 3610 habet
675 3541 876 3608 confirmandi
896 3559 1071 3604 oeconornos

100 3661 129 3716 61
140 3653 400 3717 administratores
411 3645 539 3715 electos,
556 3646 645 3718 atque
659 3635 697 3696 ab
707 3633 750 3696 eis
765 3630 905 3712 exigendi
918 3632 1071 3708 juramen·

101 3753 162 3808 lum
174 3743 211 3804 de
228 3739 357 3800 fideliter
370 3727 626 3802 administrando,
644 3735 672 3785 61
687 3731 720 3785 ut
734 3722 789 3784 sibi
805 3715 1072 3781 administrationis

100 3835 246 3897 rationem
269 3824 395 3888 reddant
403 3843 413 3895 ;
428 3821 480 3882 sed
496 3835 557 3880 uon
570 3821 668 3883 potest
691 3810 851 3888 prohibere
873 3825 912 3868 ne
925 3799 1073 3937 piperato
