2604 4196
213 277 271 336 536
485 283 636 330 uuuuuura
658 283 740 328 runis
761 281 909 326 aaronica.

214 391 286 452 durn
301 385 495 467 indulgentiis
508 392 538 448 et
549 386 652 466 gratiis
665 385 869 466 spiritualibus
890 378 1188 445 Archiconfraterni·

215 479 265 539 tati
280 476 442 540 concessis.
932 499 934 502 ·

253 568 342 628 Juxta
351 564 369 644 5
379 569 409 642 6,
421 562 512 628 modd
522 563 619 626 citatae
631 563 755 626 Constit.
764 560 927 625 clementis
938 563 1015 633 rur,
1027 557 1192 622 Generales

220 654 363 716 cratinum
378 658 430 714 aut
444 653 622 734 Superiores
636 651 856 727 Instituerunt,
871 646 1193 711 Archiconfraternita-

176 803 178 806 .
216 751 296 818 turn,
317 749 388 819 etc,
413 741 558 822 erigendo
578 739 624 802 vel
642 739 835 821 aggregando
849 737 1130 809 confraternitates
1148 735 1192 797 uti

216 831 325 892 debent
338 830 481 892 Formutb
499 831 517 890 b
541 830 572 890 S.
590 827 735 889 Pontifice
754 825 919 908 approbata
934 848 941 902 ;
966 825 1031 888 haec
1048 824 1192 886 Fertnula

218 919 342 981 refertur
353 918 528 993 aFerrarie,
543 927 574 978 v⁰
591 915 837 998 confraternitas,
848 921 903 977 art.
921 919 949 988 t,
966 929 1076 998 nempe
1091 925 1125 974 n⁰
1140 916 1191 990 Π,

218 1027 271 1088 pro
289 1006 441 1088 erigendis
461 1004 774 1082 Confrateraitatibus,
790 1009 820 1066 et
832 1010 864 1065 n·
880 1007 928 1082 18,
945 1023 1000 1084 pre
1015 1003 1122 1064 iisdem
1137 1019 1192 1083 ag·

110 1153 114 1161 .
217 1096 387 1176 gregandis.

239 1185 343 1245 -anla
362 1189 463 1246 autem
483 1183 681 1244 determinata
702 1182 757 1244 fuit
778 1184 795 1244 a
813 1183 881 1261 jure
902 1181 1032 1243 formula
1048 1197 1103 1260 pre
1118 1197 1193 1242 casu

217 1291 278 1354 quo
291 1272 467 1334 Ordinarius
479 1271 741 1333 Confraternitates
753 1271 851 1352 erigit.

256 1364 324 1422 Non
339 1362 437 1422 setirrn
451 1361 482 1420 in
494 1359 599 1421 cedern
614 1359 740 1426 ecclesia
755 1359 930 1442 prohibetur
942 1359 1043 1438 plures
1055 1357 1193 1436 ejusdem

218 1451 336 1529 generis
356 1449 619 1511 Confraternitatcs
639 1449 770 1528 erigere,
793 1457 825 1510 ut
849 1448 1054 1529 supradictum
1078 1446 1135 1508 fuit
1156 1467 1193 1509 ex

218 1539 317 1600 const.
337 1537 529 1620 Quaecumque
542 1537 702 1600 clementis
717 1540 798 1612 VIll,
814 1537 865 1610 sed
881 1538 1004 1617 insuper
1018 1535 1055 1598 ad
1071 1537 1194 1599 erectio

219 1645 289 1701 netu
303 1646 388 1689 novae
399 1625 663 1706 confraternitatis,
680 1626 819 1690 distantia
833 1627 925 1688 trium
940 1625 1113 1688 milliarium
1125 1624 1194 1707 (seu
1287 1659 1288 1708 t

220 1716 308 1777 unius
322 1716 415 1778 leucae
427 1715 555 1794 circiter)
570 1715 608 1774 ab
623 1715 679 1776 alie
694 1715 782 1776 simiti
801 1715 965 1796 requiritur
981 1733 988 1774 :
1005 1715 1035 1776 in
1051 1715 1193 1777 Fertnuta
1287 1717 1288 1794 i

218 1805 299 1866 enirn
313 1805 472 1868 erectionis
486 1807 503 1865 a
516 1807 546 1866 S.
564 1803 639 1865 Sede
650 1805 829 1884 approbata,
845 1803 956 1866 dieitur
970 1823 977 1866 τ
994 1805 1193 1876 «Dummodo
1287 1803 1288 1856 i

222 1916 237 1950 e
258 1894 324 1954 tatis
346 1894 403 1954 alia
421 1893 527 1954 similis
545 1891 811 1974 (confraternitas)
825 1893 855 1954 in
870 1891 936 1974 ipse
951 1893 996 1953 ret
1012 1891 1070 1954 atio
1085 1892 1123 1953 ad
1139 1895 1193 1956 tria
1287 1919 1288 1954 r

223 2003 237 2038 e
258 1981 395 2042 milliaria
417 1981 590 2061 propinquo
609 1981 675 2042 lece
695 1989 793 2043 erecta
818 1999 878 2042 nen
902 1981 1046 2067 fucrita:
1067 1986 1098 2043 et
1111 1982 1193 2044 idem

218 2071 398 2150 supponitur
419 2071 449 2130 in
469 2070 557 2130 variis
578 2069 722 2130 Brevibus
738 2075 768 2131 et
785 2069 918 2134 Decretis
933 2072 964 2132 S.
982 2069 1078 2135 Sedis.
1096 2071 1143 2132 Ab
1157 2076 1193 2133 ed
1287 2067 1288 2148 ζ

217 2165 317 2219 tamen
346 2159 450 2238 regula
480 2157 672 2238 excipiuntur
699 2159 751 2220 SS.
778 2159 964 2220 Sacramenti
988 2167 1017 2220 et
1040 2160 1191 2222 Doctrinae
1287 2151 1288 2220 3

217 2245 389 2309 Christianae
414 2246 691 2318 confraternitates
716 2255 745 2309 ct
759 2261 837 2330 saepe
852 2267 907 2330 pre
921 2246 1004 2324 aliis,
1030 2244 1187 2310 accedente
1287 2279 1288 2334 3

217 2335 363 2396 Ordinarii
379 2355 548 2412 censensu,
564 2335 716 2398 obtinetur
730 2337 925 2418 dispensatio.
1287 2339 1288 2418 ζ

255 2425 517 2487 confraternitates
532 2425 676 2486 laicorum
692 2425 765 2507 erigi
783 2432 938 2507 nequeunt
959 2425 989 2486 in
1011 2426 1190 2490 monialium

215 2515 359 2577 ecclesiis.
376 2549 413 2561 -
427 2513 591 2594 Regulares
606 2515 677 2576 vero
698 2517 749 2596 qui
773 2511 914 2576 fruuntur
934 2515 1091 2596 privilegio
1107 2518 1191 2579 Ceu-

218 2603 412 2664 fraternitates
436 2601 570 2682 erigendi
591 2603 622 2662 in
646 2603 775 2684 propriis
798 2603 953 2678 ecclesiis,
980 2623 1041 2664 nen
1064 2614 1192 2684 pessunt

216 2692 280 2752 'sine
306 2693 424 2754 ficentitt
452 2691 600 2752 Ordinarii
627 2710 677 2753 eas
705 2692 920 2772 erigere'cunr
948 2711 1004 2754 usu
1026 2711 1190 2756 'saccorum

212 2778 308 2861 trebes
323 2781 357 2842 de
369 2778 538 2862 poenitente).
556 2781 587 2841 S.
604 2782 698 2861 cong.
715 2782 815 2862 Episc.
832 2787 862 2842 et
876 2781 996 2860 Regni,
1012 2785 1031 2843 6
1046 2781 1186 2847 decemb.
1287 2789 1288 2804 ¹

217 2873 301 2932 rere.

557 3099 559 3102 ¹
624 3021 709 3082 aar.
733 3025 768 3082 n.

271 3177 307 3220 DE
328 3175 525 3220 EPISCOPORUM
547 3155 751 3219 sucronlrn'ru
772 3177 804 3221 IN
825 3178 1134 3228 GONFRATERNITATES.

250 3325 319 3383 7¹10.
336 3324 379 3381 Er
395 3322 515 3382 c0nstit.
535 3320 728 3403 Quocumque
741 3323 901 3386 clementis
915 3329 978 3388 Vfll
989 3348 1079 3408 supra
1094 3331 1186 3395 relatft

209 3409 336 3471 vidimus
362 3410 443 3490 qubd
466 3411 729 3474 cnnfraternitates
756 3419 827 3474 sunt
852 3415 1003 3495 erigendae
1026 3425 1056 3478 et
1078 3438 1185 3502 aggre-

209 3497 315 3578 ganda
329 3497 367 3559 de
381 3517 530 3560 censensu
546 3501 713 3576 Ordinarii‚
730 3509 759 3562 et.
776 3503 859 3582 qued
873 3504 910 3564 ad
925 3506 1067 3567 eunrderu
1084 3511 1184 3589 'perti-

209 3596 259 3646 net
274 3587 392 3648 illerurn
408 3595 516 3650 statuta
531 3589 678 3664 condere,
694 3593 887 3670 examinare,
905 3594 1076 3676 corrigere,
1095 3599 1184 3662 inne-

207 3693 295 3745 rare;
320 3683 349 3735 et
369 3676 425 3736 boc
441 3678 575 3758 procedit
595 3679 710 3738 etiamsi
726 3679 959 3743 cnnfraternitas
973 3685 1061 3745 alicui
1077 3687 1184 3748 Archi·

206 3763 441 3828 confraternitati
457 3766 546 3829 fuerit
559 3776 738 3847 aggregata;
765 3769 870 3849 excipe
890 3771 915 3830 si
935 3779 1042 3834 statuta
1057 3773 1184 3838 fuissent
