2552 4204
377 337 381 344 .
447 297 682 346 trasumenus.
989 287 1044 347 731

77 397 248 477 personale,
265 415 319 478 per
332 396 559 460 dissolutionem
581 400 805 462 communitatis
811 421 819 477 ;
836 408 865 464 et
878 403 977 483 quoad
992 404 1049 465 sin·

75 485 173 565 gulos,
184 493 283 547 cessat
294 487 394 548 statim
404 504 440 548 ac
451 485 595 550 desinunt
604 505 670 549 esse
680 488 1051 556 menrbraeommunitatis

75 574 254 637 interdieta.

115 663 314 726 Interdictum
333 663 443 744 locale,
462 663 487 727 si
511 665 550 728 sit
567 664 722 746 speciale,
741 672 838 729 cessat
854 669 978 750 quidem
996 690 1050 753 per

74 751 315 816 destructionem
330 752 407 831 loci3
425 751 478 817 sed
498 753 522 816 si
537 754 664 817 ecclesia
678 754 889 834 reaedificetur,
903 760 1050 824 reviviscit

76 841 285 904 interdictum.

112 931 230 993 Caetera
240 930 408 1006 interdieta,
425 931 482 993 nisi
497 931 828 1014 teranturpermodum
838 952 929 998 merae
940 954 1051 1017 poenm,

77 1037 137 1081 non
153 1025 274 1081 cessant
289 1019 346 1081 nisi
360 1038 414 1100 per
427 1019 659 1084 absolutionem.

119 1130 135 1169 a
156 1107 320 1170 Interdicta
339 1108 464 1188 localia,
480 1115 510 1172 et
523 1110 692 1191 personalia
708 1111 880 1192 generalia,
898 1131 967 1194 quae
983 1114 1052 1193 jure

81 1221 95 1256 r
114 1197 277 1260 communi
291 1203 362 1260 sunt
373 1198 534 1278 imposita,
549 1217 605 1261 nec
619 1204 780 1277 reservata,
796 1209 923 1281 possunt
935 1202 998 1264 tolli
1013 1204 1052 1266 ab

81 1312 94 1347 r
114 1287 270 1369 Episcopo
279 1287 325 1349 vel
338 1286 396 1350 alio
411 1287 539 1350 habente
551 1287 792 1370 jurisdictionem
802 1289 834 1352 in
848 1293 1051 1356 communita·

82 1401 95 1436 c
116 1383 179 1440 tem
206 1374 415 1455 interdictam,
439 1383 620 1440 nontamen
641 1379 657 1440 a
678 1377 825 1460 religiosis
843 1379 1049 1462 privilegiatis,

81 1487 95 1524 c
116 1465 189 1547 quia
206 1463 290 1528 locus
311 1473 341 1527 et
358 1467 561 1530 communitas
580 1466 645 1530 loro
663 1469 849 1550 poenitentiae
867 1488 929 1532 non
948 1471 1050 1552 subji-

80 1555 243 1617 «ciuntur
273 1553 400 1632 (etiamsi
427 1555 571 1618 haberent
600 1557 790 1637 privilegium
817 1557 990 1622 absolvendi
1013 1560 1052 1622 ab

81 1666 96 1702 c
116 1643 264 1706 omnibus
277 1643 426 1726 censuris)
446 1664 453 1706 :
470 1644 629 1707 interdicta
642 1645 793 1726 generalia
805 1645 862 1708 lata
876 1648 914 1708 ab
927 1647 1052 1711 homine

81 1755 96 1792 ι
118 1751 182 1794 non
206 1739 334 1813 possunt
350 1733 433 1808 tolli,
455 1733 511 1794 nisi
535 1732 574 1794 ab
595 1733 698 1813 ecqui
718 1732 806 1808 tulit,
822 1735 900 1796 vela
923 1738 1012 1816 Papa.
1032 1757 1048 1796 a

78 1824 119 1900 (S.
136 1822 276 1902 Lignea,
292 1821 343 1884 lib.
359 1825 532 1900 ⁵1,n·,338.)

117 1910 165 1973 Ab
185 1909 345 1974 interdicto
364 1910 514 1992 personali
532 1910 702 1992 particulari
731 1911 749 1973 a
767 1910 835 1993 iure
856 1909 936 1990 lato,
956 1912 1053 1993 quivis

77 1999 281 2064 confessarius
292 2005 392 2082 potest
405 2000 559 2063 absolvero
573 1999 597 2060 si
613 2000 725 2061 nonsit
738 2004 933 2064 reservatum.

270 2136 430 2201 senonen.
440 2137 530 2199 -De
544 2141 698 2198 cessatione
713 2137 731 2200 ei
745 2135 866 2202 divinis.

114 2268 190 2331 863.
214 2263 346 2326 cessatio
359 2265 378 2327 a
390 2262 498 2326 divinis
514 2282 576 2326 non
590 2270 636 2326 est
650 2284 739 2345 poena
754 2266 874 2347 proprie
885 2267 980 2347 dicta,
996 2288 1054 2334 neo

76 2353 207 2437 proinde
231 2370 379 2432 censura,
403 2355 475 2416 cirm
500 2355 565 2418 loca
584 2356 702 2417 tantiam
721 2355 877 2436 respiciat,
900 2364 929 2418 et
955 2359 1056 2421 nullas

75 2460 225 2525 personas
244 2441 355 2504 directe
374 2442 499 2521 afficiat;
521 2443 574 2506 sed
597 2451 642 2506 est
661 2445 780 2505 tantirm
801 2443 965 2524 prohibitio
983 2448 1051 2508 aim·

73 2533 149 2614 ples
169 2530 288 2594 clericis
300 2531 404 2613 facte.
426 2543 461 2594 ut
479 2552 508 2595 sc
525 2533 688 2594 obstineant
708 2533 745 2594 ab
759 2532 861 2613 officiis
875 2531 1007 2610 divinis,
1022 2545 1050 2596 et

74 2619 269 2684 ecclesiastice
294 2621 456 2704 sepulture.
484 2622 628 2684 indicitur
654 2621 692 2683 ab
713 2620 845 2684 Ecclesia
872 2620 1050 2703 insignum

75 2710 219 2772 moeroris
234 2709 274 2772 ob
288 2729 409 2792 gravem
430 2711 571 2790 inJuriam
594 2709 651 2791 ipsi
669 2710 798 2787 illatam,
814 2716 847 2773 ut
864 2709 907 2773 sie
927 2729 997 2774 reus
1012 2712 1050 2774 ad

75 2797 324 2861 satisfaciendum
339 2799 515 2862 inducatur:
531 2799 570 2861 de
583 2802 620 2862 et
630 2799 662 2859 llt
673 2799 786 2861 mentio
800 2799 907 2878 incap.
923 2799 1053 2880 Irresru·

74 2887 195 2968 cubili,
210 2887 251 2952 De
267 2889 358 2970 officio
375 2888 471 2950 ordio.
486 2909 494 2965 ;
509 2907 575 2969 cap.
594 2886 741 2965 Quamuis,
764 2887 808 2950 De
821 2887 922 2968 officio
939 2886 1049 2966 ordio„

75 2976 108 3038 in
128 2980 184 3054 6⁰;
205 2983 236 3040 et
257 2978 403 3042 Clamant.
427 2980 481 3041 lic
502 2977 669 3060 frequenti,
693 2975 738 3039 De
759 2984 880 3039 sentent.
909 2995 1050 3039 excomm.

77 3066 229 3130 Publieari
254 3087 315 3131 non
332 3068 439 3145 debet,
459 3077 623 3149 antequam
640 3085 710 3128 reus
724 3084 778 3148 per
796 3065 968 3128 citationem
990 3064 1054 3127 ido·

78 3174 170 3220 neam
184 3163 364 3239 provocatus
378 3157 467 3220 suerit
479 3158 517 3220 ad
533 3156 734 3237 reparandum
749 3155 902 3238 injuriam.

117 3247 252 3325 Falsast,
266 3247 372 3310 saltem
382 3247 558 3323 identidem,
571 3253 707 3328 tempore
720 3245 895 3307 cessationis
906 3243 1049 3320 edivinis,

79 3335 235 3398 celebrare
244 3336 282 3398 ad
296 3337 483 3400 renovandus
498 3355 597 3398 sacras
615 3335 740 3416 species,
756 3336 828 3396 eum
842 3334 899 3396 hoe
916 3340 1052 3417 tempore

78 3423 169 3489 liceat
181 3425 255 3488 dare
269 3427 518 3489 communionem
533 3424 732 3487 moribundis.

117 3514 315 3594 Privilegium
338 3513 496 3576 assistendi
519 3513 627 3575 divinis
644 3511 750 3574 officiis
769 3528 950 3574 concessum
968 3511 1051 3574 laicis

78 3621 133 3684 pro
151 3610 290 3685 ternpore
308 3602 476 3680 interdicti,
500 3603 600 3665 locurn
615 3618 677 3662 non
695 3599 785 3662 habet
804 3607 939 3682 tempore
952 3618 1051 3662 cessa·

79 3692 197 3755 tionlsa
209 3691 339 3756 divinis:
356 3693 482 3756 cessatio
493 3699 594 3755 tamen
608 3689 751 3775 suspendi
761 3698 857 3773 potest
868 3707 922 3771 per
935 3689 1051 3770 aliquos

79 3781 143 3844 dies
156 3783 323 3850 solemnes.
