2604 4196
211 236 276 300 dil
493 233 649 284 acaunum
670 233 752 279 rums
773 226 920 276 cxnomcr.
986 241 990 244 -

257 370 389 444 iusuper
401 375 438 420 ex
449 361 506 417 art.
523 351 562 415 36
573 348 692 412 Decreti
703 345 742 410 ab
754 344 913 414 decembr.
928 337 1013 409 idib,
1025 352 1097 410 quae
1108 351 1199 414 spon·

219 456 292 523 tana
306 436 453 516 crescunt
474 445 505 504 in
522 438 720 511 caemeteriis,
731 435 874 498 videlicet
892 427 1027 502 loerrum,
1039 424 1199 486 tructuset

221 527 301 611 rami
314 532 471 620 amputati
487 529 636 593 arborum
658 527 696 587 ad
719 522 885 586 Fabricam
907 514 1114 599 paroecialcm
1133 529 1201 594 per-

219 636 340 704 tinent;
354 625 408 691 sed
435 625 466 684 in
482 619 616 684 urbibus
636 611 822 676 haecomnia
846 601 1074 671 communitati
1094 599 1197 662 dimit

222 729 333 787 tuntur
349 716 381 779 in
399 707 688 790 compensationem
705 715 915 781 expensarum
929 694 970 758 ab
992 691 1062 774 ipsa
1084 687 1205 752 iacien-

222 811 335 876 darum
352 820 409 887 pro
424 801 522 862 muris
536 793 703 858 coemeterii
721 787 909 853 reficiendis.

262 897 308 960 llx
323 895 453 957 Decreta
467 895 571 950 autem
602 882 640 944 12
663 879 744 958 junii
768 875 968 952 18111113,
989 878 1048 942 art,
1063 866 1113 944 ll),
1143 885 1207 931 non

224 985 364 1052 Fabricis
379 979 432 1040 sed
452 970 739 1038 Communitatibns
752 964 936 1028 attribuitur
946 961 1000 1042 jus
1011 955 1207 1021 concedendi

224 1055 357 1160 privatis
370 1066 550 1130 facultatem
571 1058 712 1140 erigendi
736 1059 943 1118 monumenta
962 1046 1109 1110 funebria
1124 1047 1209 1108 ultra

224 1163 482 1246 quinquennium
495 1171 712 1240 permansura.

219 1289 221 1294 ’
265 1283 334 1343 rto.
351 1312 389 1324 -
404 1278 456 1340 10⁰
469 1277 559 1337 Juxta
580 1281 681 1334 autem
695 1289 762 1350 cap.
780 1267 940 1330 Abolenda
962 1270 1010 1342 13,
1026 1264 1071 1327 be
1093 1263 1209 1346 Sepul-

224 1368 320 1442 tura,
336 1365 424 1428 rendi
440 1381 501 1426 non
521 1360 611 1423 debet
627 1365 707 1421 terra
726 1357 890 1420 coemeterii
915 1374 969 1436 pro
991 1354 1148 1435 sepultura
1163 1351 1208 1412 ln-

174 1465 177 1470 '
224 1456 336 1520 cienda
352 1473 360 1516 ε
377 1476 392 1512 a
408 1449 571 1513 Abolenrlae
585 1446 813 1511 consuetudinis
828 1444 1006 1525 peruersitas
1020 1441 1102 1522 apud
1117 1443 1209 1502 Mon-

124 1587 128 1596 ·
231 1540 566 1624 «tempessulanum...
589 1536 728 1610 inolevit,
757 1540 790 1596 ut
806 1531 1022 1594 decedentibus
1044 1549 1107 1590 non
1124 1529 1210 1609 priirs

232 1657 247 1692 r
270 1631 459 1718 permittatur
471 1625 560 1689 effodi
573 1623 737 1706 sepultura,
749 1623 840 1702 quam
855 1621 998 1701 prolerre
1009 1619 1039 1680 in
1054 1620 1116 1698 qud
1128 1635 1210 1697 sepe

124 1751 131 1758 -
230 1719 362 1783 aliendi
387 1721 473 1792 sunt,
500 1721 616 1777 certum
644 1713 776 1794 pretium
804 1709 938 1771 ecclesiae
965 1707 1210 1788 persolvatur...:

235 1833 250 1870 a
272 1807 453 1872 mandamus
466 1809 654 1886 quatenus...
675 1800 808 1860 inhibeas
823 1797 959 1874 clericis,
983 1813 1021 1857 ne
1044 1796 1213 1876 quicquam

236 1921 251 1958 a
271 1897 398 1960 omnind
413 1897 597 1974 praesumant
611 1891 730 1969 exigere
745 1887 801 1949 hdo
812 1887 850 1947 de
865 1887 965 1948 causa.
982 1905 997 1942 n
1015 1886 1095 1948 Usus
1107 1889 1212 1944 tamen

229 1985 381 2048 vendendi
393 1981 523 2062 capellas
537 1997 591 2059 pro
606 1978 680 2038 inibi
694 1974 897 2038 construenda
911 1973 1078 2054 sepultura,
1091 1980 1215 2032 nonest

230 2072 438 2146 simoniacus,
459 2068 559 2146 inquit
572 2065 706 2126 Ferraris
725 2063 767 2144 (νο
783 2062 962 2144 Sepultura,
985 2071 1020 2122 n⁰
1036 2059 1122 2141 157),
1143 2061 1214 2140 quia

230 2163 322 2224 datur
335 2177 387 2240 per
402 2155 528 2218 modum
543 2153 758 2232 eleemosyna,
774 2151 812 2212 ad
827 2150 1047 2230 reparationem
1063 2149 1214 2227 ecclesia,

235 2250 280 2311 vel
303 2247 341 2310 ad
362 2243 610 2308 sustentationem
634 2241 858 2315 ministrorum,
883 2245 913 2299 et
935 2256 995 2299 non
1018 2255 1074 2318 pro
1095 2237 1215 2318 pretio,

189 2368 191 2372 ·
236 2344 325 2417 prout
340 2353 396 2400 nec
416 2333 506 2394 etiam
528 2329 610 2411 quod
625 2328 712 2390 datur
727 2347 781 2408 pro
803 2326 903 2388 missis
918 2325 1118 2386 celebrandis.
1141 2328 1219 2387 ltem

235 2426 306 2487 licet
320 2419 434 2503 aliquid
456 2419 589 2498 recipere
603 2435 659 2501 pro
673 2417 870 2478 concessione
889 2415 963 2474 sitris
982 2412 1219 2475 honorabilioris

236 2514 269 2574 in
279 2509 462 2582 coemeterio,
473 2507 545 2588 quia
555 2506 613 2567 boc
627 2523 688 2566 non
701 2511 745 2565 est
758 2503 886 2565 vendere
893 2501 944 2584 jus
954 2501 1132 2583 sepulturae,
1145 2503 1229 2565 ciam

234 2601 390 2682 sepultura
405 2595 498 2678 possit
510 2613 576 2656 esse
590 2595 656 2655 sine
669 2593 720 2653 tali
735 2593 860 2654 honore.

279 2715 341 2773 Nec
363 2709 454 2771 etiam
476 2705 636 2768 committit
659 2704 818 2764 simoniam
841 2705 893 2784 qui
918 2703 1034 2764 habens
1058 2683 1221 2786 propriam

237 2801 426 2882 sepulturam
458 2795 520 2856 suis
552 2793 723 2873 sumptibus
753 2798 979 2866 constructam,
1007 2791 1090 2853 illam
1118 2795 1224 2857 vendit

218 2901 220 2905 ’
239 2888 340 2971 quoad
360 2883 514 2947 materiale
527 2881 613 2943 fundi
630 2901 637 2940 :
653 2882 696 2942 sic
714 2882 796 2942 enim
812 2899 873 2940 non
888 2879 1027 2941 venditur
1046 2879 1222 2944 benedictii

241 2979 293 3040 sed
313 2977 414 3040 solbm
434 2971 589 3034 materiale
603 2971 652 3032 cui
667 2969 819 3050 spirituale
840 2987 894 3030 seu
910 2970 960 3047 jus
982 2967 1151 3047 sepulturae
1167 2991 1224 3032 an·

219 3079 226 3096 ··
241 3067 382 3128 nectitur.

281 3179 332 3238 lll
352 3178 407 3238 Jus
428 3140 529 3236 autem
554 3169 718 3250 sepulturae
738 3169 892 3232 familiaris
914 3171 1020 3232 transit
1047 3173 1085 3234 ad
1112 3193 1224 3238 omnes

241 3263 469 3336 descendentes,
481 3261 534 3342 qui
545 3259 599 3320 soli
613 3259 685 3318 inibi
702 3257 820 3337 sepeliri
834 3265 968 3336 possunt.
984 3260 1054 3322 Tale
1066 3262 1119 3339 ius
1129 3265 1220 3326 etiam

240 3351 348 3413 transit
367 3349 405 3412 ad
426 3348 559 3410 haeredes
578 3353 756 3420 extraneos;
782 3347 922 3408 extinctis
946 3349 1019 3408 vero
1039 3347 1171 3415 domino
1195 3362 1222 3415 et

160 3493 170 3500 .
241 3441 324 3502 illius
346 3436 600 3500 descendentibus
628 3439 681 3496 aut
709 3433 899 3508 heredibus,
932 3439 1029 3514 potest
1052 3437 1142 3500 alteri
1173 3442 1220 3520 jus
1291 3435 1292 3502 3

241 3527 405 3608 sepulturae
418 3523 554 3586 concedi.
571 3558 608 3570 -
624 3521 777 3583 amittitur
794 3528 895 3584 autem
910 3524 958 3600 jus
978 3525 1147 3603 sepulturae
1169 3549 1220 3610 per

242 3614 424 3689 simoniam,
447 3629 501 3693 per
524 3611 647 3673 rectoris
668 3609 871 3684 occisionem,
900 3627 952 3689 per
976 3609 1136 3692 haeicstm,
1170 3637 1223 3698 per
1291 3603 1292 3606 ¹

244 3703 363 3766 crimen
377 3702 456 3764 ¹²⁸⁸ae
473 3700 650 3779 malestatis,
666 3709 689 3770 si
709 3708 792 3768 vivus
806 3696 839 3760 in
859 3699 895 3760 ed
909 3697 1088 3784 sepeliatur,
1104 3708 1137 3763 et
1157 3706 1220 3768 aliis
