2590 4208
163 272 201 336 32
433 288 587 334 risurum
607 288 689 334 runis
709 286 856 332 canentur.

205 395 349 458 iiiieitum
372 401 417 456 est
438 395 599 476 insupera
620 395 805 477 parentibus
826 393 967 473 aliquam
991 396 1135 474 pecunia

164 501 321 548 summam
333 483 457 562 exigere
471 503 529 564 pro
544 486 689 548 convivio
702 483 877 547 vestitionis
893 491 947 544 aut
962 480 1137 563 professio·

164 575 224 635 nis.
240 572 283 634 ita
298 571 422 634 Extrav.
439 571 527 647 Sane,
548 573 587 633 lie
601 572 746 649 Simorum
763 580 803 646 et,
820 588 884 633 non
899 569 1044 632 obstante
1057 589 1137 634 oon-

166 661 257 723 traria
272 659 512 734 consuetudine,
529 681 612 740 quae,
624 662 713 742 iuxta
728 659 911 722 Suarezium
924 665 956 720 et
970 659 1063 734 aiios,
1078 659 1135 721 ob·

164 749 279 812 servari
297 758 416 828 posset,
436 767 523 812 saera
546 750 697 830 congreg.
721 749 867 830 Episcop.
889 757 919 808 et
939 749 1136 826 regularium

165 848 252 918 urget
266 836 519 898 observationem
536 837 630 919 hujus
646 835 903 919 prescriptionis.
917 833 967 917 (V.
984 835 1040 898 Des
1052 835 1137 900 Com·

165 928 329 994 mandates,
345 931 415 996 eto,
432 934 468 984 n⁰
481 925 566 1006 398.)

202 1014 350 1089 Quamvis
370 1012 505 1094 praefatis
531 1012 651 1093 legibus
672 1031 735 1076 non
756 1012 993 1090 adstringantur
1020 1014 1134 1077 novitii

164 1103 379 1166 institutorum
402 1101 594 1184 simplicium
610 1110 772 1174 votorum,
786 1110 819 1164 et
836 1109 899 1162 tam
917 1101 1022 1164 valide
1036 1121 1134 1183 quam

165 1191 246 1253 iioite
260 1189 399 1253 debonis
414 1192 478 1252 suis
493 1193 613 1272 possint
624 1191 792 1273 disponere
816 1189 912 1252 etiam
929 1199 1001 1252 ante
1017 1191 1134 1254 bimes-

163 1288 208 1346 tre
222 1280 443 1361 protessionem
469 1279 665 1360 praecedens,
685 1289 791 1342 tamen
817 1278 844 1341 si
868 1280 1063 1360 paupertatis
1077 1299 1133 1345 ro·

163 1377 228 1431 turn
245 1369 307 1429 sint
323 1367 466 1429 omissuri
479 1414 489 1442 ,
504 1367 621 1431 debent
635 1369 758 1443 saitem,
776 1368 883 1444 airmi,
899 1367 964 1431 sive
983 1387 1000 1430 e
1022 1387 1134 1450 paren·

165 1457 260 1530 tibus,
277 1458 341 1517 sive
356 1475 393 1518 ex
404 1456 474 1518 aliis
489 1458 755 1538 quibuscumque,
769 1457 834 1519 sive
850 1458 1053 1532 monasterio,
1071 1458 1132 1522 bo-

162 1563 275 1608 norum
305 1563 433 1607 suorum
461 1544 767 1609 administrationem
797 1554 869 1608 ante
904 1544 1133 1626 professionem

162 1639 356 1697 committere
380 1633 475 1697 modo
489 1635 669 1697 revocabiii.
686 1633 776 1712 Quod
798 1633 823 1696 si
836 1635 875 1696 de
890 1635 1033 1698 dominio
1057 1636 1131 1699 illo-

160 1741 229 1785 rum
249 1725 404 1787 bonorum
420 1741 476 1805 per
490 1732 710 1785 testamentum
726 1722 949 1804 disposuerint,
966 1723 1050 1786 hano
1063 1724 1132 1808 dis·

160 1813 365 1894 positionem,
386 1812 549 1874 autetiam
566 1811 871 1874 administrationem
894 1829 1040 1874 revocare
1064 1831 1129 1877 non

161 1910 307 1981 poterunt
328 1900 447 1980 absque
467 1901 654 1980 apostolieae
670 1900 758 1963 Sedis
777 1899 912 1964 indulto.
937 1899 981 1962 ita
1011 1899 1131 1982 pluries

159 1989 298 2050 decisum
316 1987 372 2050 aS.
391 1987 542 2068 Congreg.
564 1989 669 2070 Episc.
683 1997 713 2050 et
731 1989 830 2067 regui.
850 1983 1004 2069 imprimis
1019 1987 1059 2052 ΞΟ
1074 1991 1129 2052 xm

160 2076 234 2139 t86t
252 2095 325 2155 erga
336 2077 527 2157 Trappistas.
545 2079 580 2139 V.
594 2078 651 2140 Bes
661 2076 897 2151 Commemoratis,
911 2085 986 2152 ete,
1001 2076 1043 2139 n¹·
1057 2084 1131 2143 386-

195 2257 264 2317 963.
290 2252 325 2338 Η,
344 2251 423 2315 Casu
444 2272 508 2334 quo
523 2255 661 2318 novitius
679 2263 726 2317 est
742 2253 982 2333 beneficiarius,
999 2274 1039 2320 ex
1054 2276 1127 2340 cap.

159 2342 349 2423 Beneficium,
367 2341 413 2403 De
426 2343 572 2423 reputor„
590 2343 689 2424 ipsius
704 2343 894 2405 heneficium
908 2344 991 2407 intra
1004 2363 1127 2409 annum

157 2433 336 2504 novitiatus,
353 2431 416 2493 imo
429 2432 518 2511 juxta
534 2433 650 2512 plures,
668 2442 741 2494 aute
755 2429 984 2514 professionem
999 2451 1064 2498 non
1081 2447 1129 2498 est

156 2523 244 2584 alteri
259 2520 497 2584 eonferendum.
518 2519 674 2591 Proinde,
691 2519 826 2583 durante
840 2520 1008 2595 novitiatu,
1027 2522 1128 2588 bene·

157 2611 217 2672 tioii
233 2610 410 2672 functiones
432 2609 547 2671 vicario
566 2619 639 2671 sunt
653 2609 897 2687 committendae,
913 2611 1072 2690 assignata
1086 2617 1128 2676 ei-

153 2701 224 2762 dem
242 2700 282 2758 ab
297 2698 454 2780 Episcopo
476 2699 618 2778 portione
638 2716 778 2776 congrua
799 2718 836 2761 er
853 2699 1008 2763 fructibus
1028 2702 1127 2766 bene-

155 2786 322 2862 ficiatibus,
338 2788 457 2850 caeteris
471 2786 759 2864 fructibusnovitio
774 2788 949 2864 reservatis,
965 2791 1022 2871 qui
1034 2791 1074 2854 de
1088 2794 1127 2856 iis

155 2884 227 2938 ante
243 2874 468 2958 professionem
490 2877 603 2955 poterit
623 2875 807 2956 disponere;
826 2875 877 2938 vei
891 2878 947 2960 qui
964 2891 1126 2945 monaste·

154 2966 202 3028 rio
216 2965 366 3046 acquisita
382 2972 485 3041 erunt,
502 2965 527 3026 si
542 2962 631 3026 detis
646 2983 708 3028 non
721 2965 880 3047 disponat.

192 3051 289 3118 Vacat
309 3053 438 3133 quidem
464 3053 532 3133 ipso
551 3051 633 3116 iacto
659 3053 848 3117 beneficium
869 3072 925 3136 per
948 3055 1125 3123 solemnem

153 3142 398 3224 professionem3
413 3141 439 3201 si
458 3159 532 3204 vero
548 3142 619 3202 talis
633 3159 696 3204 non
713 3143 770 3217 sit,
793 3150 824 3204 et
838 3143 1029 3208 heneficium
1044 3151 1124 3211 resi-

153 3231 291 3294 dentiam
306 3230 429 3307 exigat,
452 3237 554 3312 potest
575 3227 760 3295 Ordinarius
780 3230 928 3313 protessis
948 3237 1124 3300 terminum

152 3326 324 3404 praettgere,
340 3318 420 3379 intra
433 3335 527 3400 quem
544 3321 702 3398 resignare
716 3327 904 3385 teneantur:
921 3340 986 3403 quo
1001 3323 1123 3407 elapsu,

152 3407 351 3482 beneficium,
372 3407 442 3468 aliis
457 3410 571 3487 poterit
585 3409 738 3484 conferri,
758 3411 816 3472 etsi
830 3428 895 3473 non
910 3411 967 3473 fiat
981 3415 1124 3495 resigna·

152 3497 205 3564 tio.
225 3493 268 3574 (S.
287 3494 319 3557 G.
339 3493 387 3573 0.,
405 3496 441 3557 tt
458 3495 638 3579 xi‘521835.)

190 3585 346 3648 Beneficio
367 3602 424 3647 suo
448 3587 585 3646 novitius
606 3585 788 3648 renuntiare
809 3588 934 3668 nequit,
956 3589 1018 3652 nisi
1039 3604 1121 3656 intra

151 3673 300 3736 bimestre
321 3669 547 3752 professionem
568 3674 767 3753 precedens,
789 3692 828 3738 ex
850 3676 1018 3758 hypothesi
1034 3680 1119 3761 quod

151 3763 191 3824 eit
209 3760 368 3826 solemnis.
388 3759 486 3840 idque
505 3770 678 3825 constater
693 3762 821 3829 Tridettt
846 3780 876 3828 e.
897 3763 1000 3845 XXV,
1016 3785 1047 3828 e.
1070 3769 1122 3842 te·
