2552 4204
209 255 269 318 ’ωδ
486 267 637 313 mennam
659 267 743 312 runis
763 265 914 311 canonici.

211 367 293 432 atiud
305 367 455 448 exprimat
468 368 545 444 (cap.
558 363 631 428 Cum
642 363 794 448 procurasti
805 371 837 425 et
849 382 917 445 cap.
932 363 1047 446 Officii,
1061 363 1192 430 llcseru.

212 457 369 536 eorunm.)
382 475 390 531 ;
407 455 432 518 si
446 463 548 518 autem
563 455 628 516 sine
641 454 710 516 doto
725 453 797 514 atius
809 455 969 526 tacuisset,
983 453 1141 534 judicatur
1158 455 1200 518 nb

215 545 359 608 omnibus
382 544 562 620 absolutus,
587 543 645 606 nisi
668 547 786 606 constet
807 542 1011 604 absolventem
1033 541 1119 606 atiud
1147 543 1198 606 in-

214 632 359 698 tendisse.

257 722 338 786 Notu
354 724 388 784 3·
408 721 496 794 Oudd
515 719 689 784 confessarii
712 721 765 802 qui
785 720 897 783 babent
915 720 1108 801 privilegium
1131 739 1200 803 spe·

217 811 293 874 ciale
318 829 373 892 pro
400 810 589 873 absolvendis
615 812 753 874 censuris
781 810 851 874 Sedi
888 809 1067 890 Apostolicae
1096 827 1199 873 mser-

217 900 311 971 ratis,
340 919 401 961 non
424 899 492 962 idad
518 899 635 962 valeant
657 899 812 962 absolvere
837 897 1012 962 bcensuris
1033 897 1201 960 Ordinatio

219 989 389 1052 reservatis.

262 1077 342 1138 Nutu
352 1085 384 1138 4⁰
395 1077 478 1158 quod
488 1097 525 1140 ex
541 1077 656 1163 Concit.
670 1076 804 1140 Trident.
817 1075 904 1158 (sess.
920 1079 972 1150 25,
982 1093 1010 1136 c.
1022 1079 1053 1148 3,
1065 1072 1112 1138 De
1126 1075 1202 1156 res„

221 1166 253 1228 in
276 1164 348 1248 tine)
366 1185 374 1228 ε
395 1188 410 1226 u
430 1167 717 1230 Exccmmunicatus
730 1167 794 1230 si...
816 1165 964 1228 obdurato
979 1163 1104 1242 animo,
1125 1181 1202 1226 oen-

227 1275 243 1314 ι
263 1255 342 1316 suris
361 1273 516 1331 annexus,
538 1255 570 1317 in
589 1255 648 1320 iltis
666 1273 720 1338 per
742 1272 859 1318 annum
879 1251 1083 1328 insorduerit‚
1107 1251 1204 1313 etiam

227 1350 369 1404 «contra
389 1361 483 1421 cum,
504 1349 650 1426 tanquam
669 1343 708 1406 de
728 1341 835 1406 heresi
855 1347 1054 1422 suspectum,
1076 1339 1205 1420 procedi

227 1437 487 1568 «pppprgpperba
500 1501 616 1564 Concil.
631 1501 771 1581 Lugdun.
787 1504 812 1562 n
822 1500 900 1583 (cap.
917 1502 1137 1578 disolationis,
1152 1501 1199 1566 De

217 1588 577 1675 ln'sqnoeni,etc.‚in6⁰):
594 1589 1197 1656 aAbsolutionisbeneticiumabexcom-

219 1707 235 1742 a
256 1680 470 1744 inunicationis
484 1679 702 1753 sententiani
718 1698 945 1762 quamcumque
969 1683 1197 1744 revocationem

218 1793 235 1833 ι
255 1771 361 1852 ipsius,
389 1776 440 1832 aut
461 1767 668 1847 suspensionis
688 1785 741 1830 seu
764 1769 856 1830 etiam
880 1769 1031 1832 interdicti
1054 1789 1108 1850 per
1131 1771 1194 1832 vim

220 1883 236 1920 u
257 1860 302 1920 vet
325 1868 440 1920 metum
461 1862 628 1929 extorta...‚
649 1855 763 1918 viribus
784 1857 927 1920 omnibus
947 1875 1124 1921 vacuamus.
1150 1858 1196 1922 Ne
1271 1881 1272 1884 ¹

221 1971 236 2007 a
256 1957 356 2009 autem
372 1946 437 2008 sine
458 1944 599 2014 vindicte,
615 1943 891 2007 violentiae-crescat
910 1945 1049 2023 audacia,
1072 1948 1194 2028 eosqui

221 2035 448 2112 «extorserint,
463 2033 786 2095 excommunicationis
813 2036 969 2096 sententiaa
997 2034 1196 2100 decernimus

173 2174 175 2180 ,
221 2146 237 2184 u
258 2124 424 2200 subjacere.
440 2142 455 2179 a
474 2121 642 2202 Suppressa
656 2127 701 2181 est
713 2140 841 2184 censura
856 2123 888 2185 C.
904 2126 1007 2204 Apost.
1021 2123 1114 2188 Sedis.
1270 2189 1271 2192 ,

258 2216 327 2275 835.
351 2211 475 2284 Quaerit.
495 2215 528 2271 4⁰
546 2209 592 2270 An
614 2209 711 2270 valeat
725 2209 874 2272 absolutio
895 2211 1018 2291 quando
1042 2213 1132 2276 datur
1155 2215 1194 2278 ob

218 2302 324 2364 salsam
338 2317 461 2362 causam
476 2316 485 2362 a
500 2318 528 2360 v.
544 2319 588 2379 g.‚
605 2298 628 2360 si
638 2297 730 2374 judex
744 2299 887 2377 absolvat,
904 2301 974 2380 quia
985 2319 1057 2364 reus
1072 2302 1195 2367 sedicit

219 2387 495 2465 emendatumve!
521 2387 597 2469 parti
624 2385 816 2466 satisfecisse,
843 2387 926 2469 quod
950 2407 1059 2453 verum
1087 2395 1192 2455 tamen

219 2477 535 2627 nopeppttNegafivb’
559 2547 585 2608 si
602 2542 723 2607 deficiat
741 2560 832 2606 causa
851 2540 1024 2624 principalis
1029 2558 1039 2614 3
1059 2558 1151 2604 secus
1169 2545 1192 2602 si

218 2630 321 2693 minus
334 2635 506 2715 principalis
519 2680 529 2712 ,
544 2634 591 2698 vel
606 2632 631 2696 si
640 2632 734 2714 judex
749 2631 832 2694 certo
845 2631 985 2694 conscius
998 2629 1036 2690 sit
1045 2628 1192 2692 falsitatis.

218 2721 261 2782 lta
275 2724 488 2787 communiter.

258 2812 328 2872 836.
353 2813 471 2883 Quaerit.
491 2813 523 2876 5⁰
534 2813 581 2876 An
595 2809 724 2874 invalida
738 2809 775 2872 sit
785 2809 933 2871 absoiutio
946 2825 1086 2872 censurae
1099 2809 1193 2872 datad

221 2897 371 2980 delegato,
388 2901 525 2966 nondum
546 2901 693 2964 satisfacta
713 2905 816 2982 parte,
833 2900 856 2958 si
873 2897 997 2959 facultas
1018 2899 1193 2960 absolvendi

219 2987 286 3049 data
302 2991 407 3051 luisset
419 3008 491 3053 eum
501 2987 906 3072 clausuttsutisfactdpcrte.

259 3078 349 3158 Resp.
366 3077 523 3158 Duplicem
538 3097 603 3139 esse
621 3078 800 3169 sententiam
817 3073 1077 3158 :probabiliorem
1091 3081 1192 3139 tamen

218 3181 285 3226 esse
303 3183 371 3226 eam
392 3185 461 3247 quae
484 3167 615 3227 affirmat
636 3167 751 3228 nuttam
769 3183 834 3226 esse
851 3164 1072 3226 absolutionem
1092 3168 1123 3226 in
1144 3167 1193 3229 tati

219 3270 312 3326 casu,
328 3255 400 3335 quie
413 3256 548 3319 clausula
562 3255 684 3337 praetata
699 3273 802 3318 rernm
815 3255 977 3338 importare
991 3253 1110 3318 videtur
1125 3274 1193 3320 con·
1266 3301 1267 3393 p

219 3339 377 3407 ditionem.

259 3437 329 3496 837.
352 3431 473 3505 Quaerit.
496 3439 528 3500 δ’
546 3436 595 3497 An
617 3433 711 3516 possit
732 3433 797 3495 dari
822 3433 971 3497 absolutio
992 3449 1190 3499 censurarum

220 3521 460 3586 subconditione
473 3523 511 3587 de
525 3524 627 3587 tuturo
640 3520 853 3604 contingenti?
1265 3589 1266 3598 χ

261 3613 351 3692 Hesp.
371 3612 561 3688 affirmative,
581 3612 682 3694 quoad
702 3611 885 3676 validitatem
905 3610 1008 3687 actus,
1024 3613 1097 3675 cbm
1111 3617 1192 3676 actus
1265 3601 1266 3655 i

220 3701 436 3781 iurisdictionis
460 3701 682 3766 conditionatos
707 3717 773 3764 essa
790 3700 899 3784 possit;
919 3701 1074 3766 ordinarie
1091 3709 1190 3768 tamen
