<?xml version="1.0" encoding="UTF-8"?>
<!DOCTYPE html PUBLIC "-//W3C//DTD XHTML 1.0 Transitional//EN"
    "http://www.w3.org/TR/xhtml1/DTD/xhtml1-transitional.dtd">
<html xmlns="http://www.w3.org/1999/xhtml" xml:lang="en" lang="en">
 <head>
  <title>
</title>
<meta http-equiv="Content-Type" content="text/html;charset=utf-8" />
  <meta name='ocr-system' content='tesseract 3.04.00' />
  <meta name='ocr-capabilities' content='ocr_page ocr_carea ocr_par ocr_line ocrx_word'/>
</head>
<body>
  <div class='ocr_page' id='page_1' title='image "./elementajurisca00craigoog_0384.png"; bbox 0 0 2590 4208; ppageno 0'>
   <div class='ocr_carea' id='block_1_1' title="bbox 466 297 1080 365">
    <p class='ocr_par' dir='ltr' id='par_1_1' title="bbox 466 297 1080 365">
     <span class='ocr_line' id='line_1_1' title="bbox 466 297 1080 365; baseline -0.003 -3"><span class='ocrx_word' id='word_1_1' title='bbox 466 316 553 362; x_wconf 82' lang='lat' dir='ltr'><strong>nucu</strong></span> <span class='ocrx_word' id='word_1_2' title='bbox 573 317 707 365; x_wconf 85' lang='lat' dir='ltr'><strong>runrrus.</strong></span> <span class='ocrx_word' id='word_1_3' title='bbox 1041 297 1080 360; x_wconf 82' lang='lat'><strong>83</strong></span> 
     </span>
    </p>
   </div>
   <div class='ocr_carea' id='block_1_2' title="bbox 108 429 1091 780">
    <p class='ocr_par' dir='ltr' id='par_1_2' title="bbox 108 429 1091 780">
     <span class='ocr_line' id='line_1_2' title="bbox 108 429 1084 516; baseline -0.006 -19"><span class='ocrx_word' id='word_1_4' title='bbox 108 433 184 516; x_wconf 82' lang='lat' dir='ltr'><strong>quia</strong></span> <span class='ocrx_word' id='word_1_5' title='bbox 199 429 236 493; x_wconf 77' lang='lat' dir='ltr'><strong>de</strong></span> <span class='ocrx_word' id='word_1_6' title='bbox 250 449 280 494; x_wconf 83' lang='lat' dir='ltr'><strong>ce</strong></span> <span class='ocrx_word' id='word_1_7' title='bbox 294 447 358 494; x_wconf 89' lang='lat' dir='ltr'><strong>non</strong></span> <span class='ocrx_word' id='word_1_8' title='bbox 373 438 448 494; x_wconf 90' lang='lat' dir='ltr'><strong>sunt</strong></span> <span class='ocrx_word' id='word_1_9' title='bbox 462 430 621 495; x_wconf 79' lang='lat' dir='ltr'>ordinarie</span> <span class='ocrx_word' id='word_1_10' title='bbox 631 433 773 510; x_wconf 81' lang='lat' dir='ltr'><strong>judiees,</strong></span> <span class='ocrx_word' id='word_1_11' title='bbox 790 433 843 496; x_wconf 90' lang='lat' dir='ltr'><strong>sed</strong></span> <span class='ocrx_word' id='word_1_12' title='bbox 860 439 983 496; x_wconf 89' lang='lat' dir='ltr'><strong>tantum</strong></span> <span class='ocrx_word' id='word_1_13' title='bbox 1008 431 1084 492; x_wconf 83' lang='lat' dir='ltr'><strong>Pro-</strong></span> 
     </span>
     <span class='ocr_line' id='line_1_3' title="bbox 112 527 1089 694; baseline -0.005 -22"><span class='ocrx_word' id='word_1_14' title='bbox 112 527 355 672; x_wconf 38' lang='lat' dir='ltr'><strong>tecgpregbnsm·</strong></span> <span class='ocrx_word' id='word_1_15' title='bbox 381 609 497 673; x_wconf 65' lang='lat' dir='ltr'><strong>Christi</strong></span> <span class='ocrx_word' id='word_1_16' title='bbox 516 609 652 694; x_wconf 73' lang='lat' dir='ltr'><strong>fidelium</strong></span> <span class='ocrx_word' id='word_1_17' title='bbox 677 610 785 674; x_wconf 86' lang='lat' dir='ltr'><strong>innoc.</strong></span> <span class='ocrx_word' id='word_1_18' title='bbox 813 605 1089 688; x_wconf 80' lang='lat' dir='ltr'><strong>X1{‚huJ&#39;usnrodi</strong></span> 
     </span>
     <span class='ocr_line' id='line_1_4' title="bbox 114 695 1091 780; baseline -0.008 -18"><span class='ocrx_word' id='word_1_19' title='bbox 114 695 300 762; x_wconf 82' lang='lat' dir='ltr'><strong>Gordinales</strong></span> <span class='ocrx_word' id='word_1_20' title='bbox 315 715 347 758; x_wconf 89' lang='lat' dir='ltr'><strong>se</strong></span> <span class='ocrx_word' id='word_1_21' title='bbox 361 697 503 778; x_wconf 81' lang='lat' dir='ltr'>ingerere</span> <span class='ocrx_word' id='word_1_22' title='bbox 515 717 579 764; x_wconf 91' lang='lat' dir='ltr'><strong>nen</strong></span> <span class='ocrx_word' id='word_1_23' title='bbox 593 698 712 762; x_wconf 89' lang='lat' dir='ltr'><strong>debent</strong></span> <span class='ocrx_word' id='word_1_24' title='bbox 726 706 760 762; x_wconf 92' lang='lat' dir='ltr'><strong>ut</strong></span> <span class='ocrx_word' id='word_1_25' title='bbox 772 698 895 780; x_wconf 84' lang='lat' dir='ltr'><strong>judices</strong></span> <span class='ocrx_word' id='word_1_26' title='bbox 910 697 943 758; x_wconf 92' lang='lat' dir='ltr'><strong>in</strong></span> <span class='ocrx_word' id='word_1_27' title='bbox 957 695 1091 776; x_wconf 75' lang='lat' dir='ltr'><strong>negotiis</strong></span> 
     </span>
    </p>
   </div>
   <div class='ocr_carea' id='block_1_3' title="bbox 114 786 1128 869">
    <p class='ocr_par' dir='ltr' id='par_1_3' title="bbox 114 786 1128 869">
     <span class='ocr_line' id='line_1_5' title="bbox 114 786 1128 869; baseline -0.01 -18"><span class='ocrx_word' id='word_1_28' title='bbox 114 805 187 869; x_wconf 82' lang='lat' dir='ltr'><strong>quae</strong></span> <span class='ocrx_word' id='word_1_29' title='bbox 203 786 386 850; x_wconf 79' lang='lat' dir='ltr'><strong>universum</strong></span> <span class='ocrx_word' id='word_1_30' title='bbox 402 787 552 852; x_wconf 81' lang='lat' dir='ltr'><strong>Ordinem</strong></span> <span class='ocrx_word' id='word_1_31' title='bbox 573 805 637 852; x_wconf 92' lang='lat' dir='ltr'><strong>nou</strong></span> <span class='ocrx_word' id='word_1_32' title='bbox 654 793 870 863; x_wconf 79' lang='lat' dir='ltr'><strong>concernunt3</strong></span> <span class='ocrx_word' id='word_1_33' title='bbox 886 803 944 847; x_wconf 91' lang='lat' dir='ltr'><strong>nec</strong></span> <span class='ocrx_word' id='word_1_34' title='bbox 959 791 1092 867; x_wconf 88' lang='lat' dir='ltr'><strong>possunt</strong></span> <span class='ocrx_word' id='word_1_35' title='bbox 1124 800 1128 815; x_wconf 45' lang='lat' dir='ltr'><strong>r</strong></span> 
     </span>
    </p>
   </div>
   <div class='ocr_carea' id='block_1_4' title="bbox 96 869 1095 1396">
    <p class='ocr_par' dir='ltr' id='par_1_4' title="bbox 96 869 1095 1396">
     <span class='ocr_line' id='line_1_6' title="bbox 114 869 1092 959; baseline -0.008 -21"><span class='ocrx_word' id='word_1_36' title='bbox 114 881 232 938; x_wconf 83' lang='lat' dir='ltr'><strong>statuta</strong></span> <span class='ocrx_word' id='word_1_37' title='bbox 247 883 381 950; x_wconf 82' lang='lat' dir='ltr'><strong>mutare,</strong></span> <span class='ocrx_word' id='word_1_38' title='bbox 398 876 589 959; x_wconf 85' lang='lat' dir='ltr'><strong>nullumque</strong></span> <span class='ocrx_word' id='word_1_39' title='bbox 602 887 735 959; x_wconf 83' lang='lat' dir='ltr'><strong>possunt</strong></span> <span class='ocrx_word' id='word_1_40' title='bbox 752 875 958 959; x_wconf 80' lang='lat' dir='ltr'><strong>superiorem,</strong></span> <span class='ocrx_word' id='word_1_41' title='bbox 974 869 1092 934; x_wconf 87' lang='lat' dir='ltr'><strong>officia·</strong></span> 
     </span>
     <span class='ocr_line' id='line_1_7' title="bbox 96 956 1093 1059; baseline -0.009 -32"><span class='ocrx_word' id='word_1_42' title='bbox 96 964 220 1039; x_wconf 14' lang='lat' dir='ltr'><strong>*lemre</strong></span> <span class='ocrx_word' id='word_1_43' title='bbox 237 963 400 1028; x_wconf 78' lang='lat' dir='ltr'><strong>instituere</strong></span> <span class='ocrx_word' id='word_1_44' title='bbox 419 973 473 1028; x_wconf 87' lang='lat' dir='ltr'><strong>aut</strong></span> <span class='ocrx_word' id='word_1_45' title='bbox 493 965 686 1042; x_wconf 77' lang='lat' dir='ltr'><strong>destituere,</strong></span> <span class='ocrx_word' id='word_1_46' title='bbox 702 965 830 1029; x_wconf 85' lang='lat' dir='ltr'><strong>nullum</strong></span> <span class='ocrx_word' id='word_1_47' title='bbox 851 963 1033 1042; x_wconf 82' lang='lat' dir='ltr'><strong>religiosum</strong></span> <span class='ocrx_word' id='word_1_48' title='bbox 1054 956 1093 1059; x_wconf 76' lang='lat' dir='ltr'><strong>de</strong></span> 
     </span>
     <span class='ocr_line' id='line_1_8' title="bbox 115 1050 1093 1153; baseline -0.008 -39"><span class='ocrx_word' id='word_1_49' title='bbox 115 1051 189 1153; x_wconf 78' lang='lat' dir='ltr'><strong>loce</strong></span> <span class='ocrx_word' id='word_1_50' title='bbox 204 1050 244 1113; x_wconf 89' lang='lat' dir='ltr'><strong>ad</strong></span> <span class='ocrx_word' id='word_1_51' title='bbox 258 1051 364 1115; x_wconf 86' lang='lat' dir='ltr'><strong>locum</strong></span> <span class='ocrx_word' id='word_1_52' title='bbox 379 1053 570 1132; x_wconf 81' lang='lat' dir='ltr'><strong>transferre,</strong></span> <span class='ocrx_word' id='word_1_53' title='bbox 596 1054 722 1118; x_wconf 87' lang='lat' dir='ltr'><strong>nulium</strong></span> <span class='ocrx_word' id='word_1_54' title='bbox 738 1054 850 1136; x_wconf 88' lang='lat' dir='ltr'><strong>punire</strong></span> <span class='ocrx_word' id='word_1_55' title='bbox 873 1059 927 1114; x_wconf 87' lang='lat' dir='ltr'><strong>aut</strong></span> <span class='ocrx_word' id='word_1_56' title='bbox 951 1068 968 1112; x_wconf 91' lang='lat' dir='ltr'><strong>a</strong></span> <span class='ocrx_word' id='word_1_57' title='bbox 990 1063 1093 1131; x_wconf 81' lang='lat' dir='ltr'><strong>poenis</strong></span> 
     </span>
     <span class='ocr_line' id='line_1_9' title="bbox 116 1157 1095 1314; baseline -0.007 -22"><span class='ocrx_word' id='word_1_58' title='bbox 116 1157 283 1291; x_wconf 50' lang='lat' dir='ltr'><strong>affigo</strong></span> <span class='ocrx_word' id='word_1_59' title='bbox 298 1231 394 1311; x_wconf 88' lang='lat' dir='ltr'><strong>ipsos,</strong></span> <span class='ocrx_word' id='word_1_60' title='bbox 411 1232 465 1295; x_wconf 91' lang='lat' dir='ltr'><strong>sed</strong></span> <span class='ocrx_word' id='word_1_61' title='bbox 481 1232 520 1296; x_wconf 84' lang='lat' dir='ltr'><strong>ad</strong></span> <span class='ocrx_word' id='word_1_62' title='bbox 534 1251 656 1296; x_wconf 86' lang='lat' dir='ltr'><strong>sacram</strong></span> <span class='ocrx_word' id='word_1_63' title='bbox 671 1231 823 1314; x_wconf 81' lang='lat' dir='ltr'><strong>Congreg.</strong></span> <span class='ocrx_word' id='word_1_64' title='bbox 842 1229 989 1313; x_wconf 82' lang='lat' dir='ltr'><strong>Episcop.</strong></span> <span class='ocrx_word' id='word_1_65' title='bbox 1006 1231 1038 1288; x_wconf 89' lang='lat' dir='ltr'><strong>et</strong></span> <span class='ocrx_word' id='word_1_66' title='bbox 1052 1243 1095 1286; x_wconf 90' lang='lat' dir='ltr'><strong>re·</strong></span> 
     </span>
     <span class='ocr_line' id='line_1_10' title="bbox 118 1316 1093 1396; baseline -0.008 -15"><span class='ocrx_word' id='word_1_67' title='bbox 118 1316 237 1396; x_wconf 73' lang='lat' dir='ltr'><strong>gatar,</strong></span> <span class='ocrx_word' id='word_1_68' title='bbox 261 1336 407 1382; x_wconf 88' lang='lat' dir='ltr'><strong>recursus</strong></span> <span class='ocrx_word' id='word_1_69' title='bbox 428 1320 536 1384; x_wconf 92' lang='lat' dir='ltr'><strong>haberi</strong></span> <span class='ocrx_word' id='word_1_70' title='bbox 555 1321 690 1396; x_wconf 81' lang='lat' dir='ltr'><strong>debent3</strong></span> <span class='ocrx_word' id='word_1_71' title='bbox 715 1321 769 1385; x_wconf 90' lang='lat' dir='ltr'><strong>sed</strong></span> <span class='ocrx_word' id='word_1_72' title='bbox 788 1321 938 1384; x_wconf 83' lang='lat' dir='ltr'><strong>interesse</strong></span> <span class='ocrx_word' id='word_1_73' title='bbox 961 1321 1093 1396; x_wconf 79' lang='lat' dir='ltr'><strong>possunt</strong></span> 
     </span>
    </p>
   </div>
   <div class='ocr_carea' id='block_1_5' title="bbox 118 1399 1093 1579">
    <p class='ocr_par' dir='ltr' id='par_1_5' title="bbox 118 1399 1093 1579">
     <span class='ocr_line' id='line_1_11' title="bbox 118 1399 1093 1493; baseline 0.007 -25"><span class='ocrx_word' id='word_1_74' title='bbox 118 1404 327 1468; x_wconf 81' lang='lat' dir='ltr'><strong>electionibus</strong></span> <span class='ocrx_word' id='word_1_75' title='bbox 341 1407 546 1474; x_wconf 82' lang='lat' dir='ltr'><strong>Proelatorum</strong></span> <span class='ocrx_word' id='word_1_76' title='bbox 558 1420 589 1475; x_wconf 89' lang='lat' dir='ltr'><strong>et</strong></span> <span class='ocrx_word' id='word_1_77' title='bbox 611 1410 908 1493; x_wconf 89' lang='lat' dir='ltr'><strong>Superiorisserum.</strong></span> <span class='ocrx_word' id='word_1_78' title='bbox 928 1399 1093 1490; x_wconf 71' lang='lat' dir='ltr'><strong>(Manuale,</strong></span> 
     </span>
     <span class='ocr_line' id='line_1_12' title="bbox 121 1491 394 1579; baseline 0.018 -24"><span class='ocrx_word' id='word_1_79' title='bbox 121 1493 164 1555; x_wconf 70' lang='lat' dir='ltr'><strong>n¹¹</strong></span> <span class='ocrx_word' id='word_1_80' title='bbox 187 1491 394 1579; x_wconf 75' lang='lat'>2955-2957.)</span> 
     </span>
    </p>
   </div>
   <div class='ocr_carea' id='block_1_6' title="bbox 455 1675 755 1742">
    <p class='ocr_par' dir='ltr' id='par_1_6' title="bbox 455 1675 755 1742">
     <span class='ocr_line' id='line_1_13' title="bbox 455 1675 755 1742; baseline 0.007 -4"><span class='ocrx_word' id='word_1_81' title='bbox 455 1675 669 1742; x_wconf 80' lang='lat' dir='ltr'>ARTICULUS</span> <span class='ocrx_word' id='word_1_82' title='bbox 689 1676 755 1740; x_wconf 85' lang='lat' dir='ltr'><strong>vlt.</strong></span> 
     </span>
    </p>
   </div>
   <div class='ocr_carea' id='block_1_7' title="bbox 297 1826 916 1879">
    <p class='ocr_par' dir='ltr' id='par_1_7' title="bbox 297 1826 916 1879">
     <span class='ocr_line' id='line_1_14' title="bbox 297 1826 916 1879; baseline 0.003 -7"><span class='ocrx_word' id='word_1_83' title='bbox 297 1826 335 1872; x_wconf 81' lang='lat' dir='ltr'><strong>DE</strong></span> <span class='ocrx_word' id='word_1_84' title='bbox 356 1827 559 1876; x_wconf 69' lang='lat' dir='ltr'><strong>assentiamus</strong></span> <span class='ocrx_word' id='word_1_85' title='bbox 581 1832 697 1879; x_wconf 72' lang='lat' dir='ltr'>STATUH</span> <span class='ocrx_word' id='word_1_86' title='bbox 717 1827 916 1878; x_wconf 74' lang='lat' dir='ltr'><strong>MUl&#39;ANTiBUS·</strong></span> 
     </span>
    </p>
   </div>
   <div class='ocr_carea' id='block_1_8' title="bbox 387 2085 824 2304">
    <p class='ocr_par' dir='ltr' id='par_1_8' title="bbox 387 2085 824 2304">
     <span class='ocr_line' id='line_1_15' title="bbox 486 2085 638 2153; baseline 0.033 -7"><span class='ocrx_word' id='word_1_87' title='bbox 486 2091 499 2111; x_wconf 91' lang='grc'><em>·</em></span> <span class='ocrx_word' id='word_1_88' title='bbox 575 2085 638 2153; x_wconf 79' lang='lat' dir='ltr'><strong>st.</strong></span> 
     </span>
     <span class='ocr_line' id='line_1_16' title="bbox 387 2219 824 2304; baseline 0.011 -23"><span class='ocrx_word' id='word_1_89' title='bbox 387 2219 432 2281; x_wconf 81' lang='lat' dir='ltr'><strong>De</strong></span> <span class='ocrx_word' id='word_1_90' title='bbox 452 2221 636 2302; x_wconf 75' lang='lat' dir='ltr'><strong>repertorium</strong></span> <span class='ocrx_word' id='word_1_91' title='bbox 659 2223 824 2304; x_wconf 80' lang='lat' dir='ltr'><strong>Apestoeie.</strong></span> 
     </span>
    </p>
   </div>
   <div class='ocr_carea' id='block_1_9' title="bbox 105 2356 1103 3871">
    <p class='ocr_par' dir='ltr' id='par_1_9' title="bbox 125 2356 1097 2618">
     <span class='ocr_line' id='line_1_17' title="bbox 166 2356 1097 2440; baseline -0.001 -22"><span class='ocrx_word' id='word_1_92' title='bbox 166 2359 255 2418; x_wconf 76' lang='lat' dir='ltr'><strong>reat.</strong></span> <span class='ocrx_word' id='word_1_93' title='bbox 280 2357 445 2438; x_wconf 82' lang='lat' dir='ltr'><strong>Apostasia</strong></span> <span class='ocrx_word' id='word_1_94' title='bbox 473 2376 491 2420; x_wconf 89' lang='lat' dir='ltr'><strong>a</strong></span> <span class='ocrx_word' id='word_1_95' title='bbox 515 2359 667 2440; x_wconf 85' lang='lat' dir='ltr'><strong>religione</strong></span> <span class='ocrx_word' id='word_1_96' title='bbox 688 2376 735 2423; x_wconf 83' lang='lat' dir='ltr'><strong>esc</strong></span> <span class='ocrx_word' id='word_1_97' title='bbox 749 2360 907 2423; x_wconf 82' lang='lat' dir='ltr'><strong>criminoso</strong></span> <span class='ocrx_word' id='word_1_98' title='bbox 923 2356 1058 2420; x_wconf 79' lang='lat' dir='ltr'><strong>discessio</strong></span> <span class='ocrx_word' id='word_1_99' title='bbox 1078 2373 1097 2417; x_wconf 87' lang='lat' dir='ltr'><strong>o</strong></span> 
     </span>
     <span class='ocr_line' id='line_1_18' title="bbox 125 2443 1095 2530; baseline -0.003 -23"><span class='ocrx_word' id='word_1_100' title='bbox 125 2443 280 2525; x_wconf 62' lang='lat' dir='ltr'><strong>rettpiona</strong></span> <span class='ocrx_word' id='word_1_101' title='bbox 296 2463 362 2506; x_wconf 86' lang='lat' dir='ltr'><strong>cnm</strong></span> <span class='ocrx_word' id='word_1_102' title='bbox 376 2447 477 2508; x_wconf 83' lang='lat' dir='ltr'><strong>animo</strong></span> <span class='ocrx_word' id='word_1_103' title='bbox 496 2467 553 2508; x_wconf 84' lang='lat' dir='ltr'><strong>non</strong></span> <span class='ocrx_word' id='word_1_104' title='bbox 572 2448 700 2530; x_wconf 73' lang='lat' dir='ltr'><strong>amptius</strong></span> <span class='ocrx_word' id='word_1_105' title='bbox 714 2448 753 2510; x_wconf 83' lang='lat' dir='ltr'><strong>od</strong></span> <span class='ocrx_word' id='word_1_106' title='bbox 767 2449 906 2530; x_wconf 77' lang='lat' dir='ltr'><strong>repulere</strong></span> <span class='ocrx_word' id='word_1_107' title='bbox 925 2447 1095 2509; x_wconf 79' lang='lat' dir='ltr'><strong>institutum</strong></span> 
     </span>
     <span class='ocr_line' id='line_1_19' title="bbox 126 2533 841 2618; baseline 0.003 -22"><span class='ocrx_word' id='word_1_108' title='bbox 126 2533 281 2609; x_wconf 80' lang='lat' dir='ltr'><strong>redeundi,</strong></span> <span class='ocrx_word' id='word_1_109' title='bbox 296 2535 353 2596; x_wconf 84' lang='lat' dir='ltr'><strong>etsi</strong></span> <span class='ocrx_word' id='word_1_110' title='bbox 370 2534 487 2598; x_wconf 73' lang='lat' dir='ltr'><strong>lechitus</strong></span> <span class='ocrx_word' id='word_1_111' title='bbox 499 2537 653 2618; x_wconf 69' lang='lat' dir='ltr'><strong>rettptonts</strong></span> <span class='ocrx_word' id='word_1_112' title='bbox 666 2537 841 2599; x_wconf 81' lang='lat' dir='ltr'><strong>detineatur.</strong></span> 
     </span>
    </p>

    <p class='ocr_par' dir='ltr' id='par_1_10' title="bbox 127 2621 1096 2884">
     <span class='ocr_line' id='line_1_20' title="bbox 165 2621 1096 2708; baseline -0.002 -24"><span class='ocrx_word' id='word_1_113' title='bbox 165 2621 257 2686; x_wconf 81' lang='lat' dir='ltr'><strong>Juxta</strong></span> <span class='ocrx_word' id='word_1_114' title='bbox 272 2621 387 2686; x_wconf 88' lang='lat' dir='ltr'><strong>Suarez</strong></span> <span class='ocrx_word' id='word_1_115' title='bbox 401 2642 475 2688; x_wconf 89' lang='lat' dir='ltr'><strong>curn</strong></span> <span class='ocrx_word' id='word_1_116' title='bbox 494 2625 563 2688; x_wconf 90' lang='lat' dir='ltr'><strong>aliis</strong></span> <span class='ocrx_word' id='word_1_117' title='bbox 578 2625 740 2708; x_wconf 83' lang='lat' dir='ltr'><strong>pluribus,</strong></span> <span class='ocrx_word' id='word_1_118' title='bbox 764 2633 905 2707; x_wconf 89' lang='lat' dir='ltr'><strong>apostata</strong></span> <span class='ocrx_word' id='word_1_119' title='bbox 918 2632 998 2687; x_wconf 89' lang='lat' dir='ltr'><strong>esset</strong></span> <span class='ocrx_word' id='word_1_120' title='bbox 1012 2622 1064 2704; x_wconf 85' lang='lat' dir='ltr'><strong>qui</strong></span> <span class='ocrx_word' id='word_1_121' title='bbox 1080 2639 1096 2682; x_wconf 94' lang='lat' dir='ltr'><strong>a</strong></span> 
     </span>
     <span class='ocr_line' id='line_1_21' title="bbox 127 2711 1096 2791; baseline -0.004 -15"><span class='ocrx_word' id='word_1_122' title='bbox 127 2728 186 2776; x_wconf 81' lang='lat' dir='ltr'><strong>sus</strong></span> <span class='ocrx_word' id='word_1_123' title='bbox 200 2711 351 2791; x_wconf 83' lang='lat' dir='ltr'><strong>reiigione</strong></span> <span class='ocrx_word' id='word_1_124' title='bbox 370 2713 438 2776; x_wconf 92' lang='lat' dir='ltr'><strong>sine</strong></span> <span class='ocrx_word' id='word_1_125' title='bbox 451 2713 577 2776; x_wconf 89' lang='lat' dir='ltr'><strong>licentia</strong></span> <span class='ocrx_word' id='word_1_126' title='bbox 592 2713 765 2778; x_wconf 88' lang='lat' dir='ltr'><strong>discederet</strong></span> <span class='ocrx_word' id='word_1_127' title='bbox 779 2715 816 2776; x_wconf 92' lang='lat' dir='ltr'><strong>ad</strong></span> <span class='ocrx_word' id='word_1_128' title='bbox 833 2715 928 2777; x_wconf 81' lang='lat' dir='ltr'><strong>aliern</strong></span> <span class='ocrx_word' id='word_1_129' title='bbox 944 2713 1096 2775; x_wconf 81' lang='lat' dir='ltr'><strong>laxiorem</strong></span> 
     </span>
     <span class='ocr_line' id='line_1_22' title="bbox 128 2799 985 2884; baseline 0 -21"><span class='ocrx_word' id='word_1_130' title='bbox 128 2799 390 2882; x_wconf 78' lang='lat' dir='ltr'><strong>amplectendam.</strong></span> <span class='ocrx_word' id='word_1_131' title='bbox 408 2800 504 2866; x_wconf 86' lang='lat' dir='ltr'><strong>Secus</strong></span> <span class='ocrx_word' id='word_1_132' title='bbox 516 2803 771 2880; x_wconf 81' lang='lat' dir='ltr'><strong>seutit&#39;Ferraris‚</strong></span> <span class='ocrx_word' id='word_1_133' title='bbox 786 2815 819 2868; x_wconf 83' lang='lat' dir='ltr'><strong>v⁰</strong></span> <span class='ocrx_word' id='word_1_134' title='bbox 832 2805 985 2884; x_wconf 79' lang='lat' dir='ltr'><strong>Apostoto.</strong></span> 
     </span>
    </p>

    <p class='ocr_par' dir='ltr' id='par_1_11' title="bbox 129 2889 1099 3064">
     <span class='ocr_line' id='line_1_23' title="bbox 168 2889 1096 2966; baseline -0.001 -15"><span class='ocrx_word' id='word_1_135' title='bbox 168 2889 224 2964; x_wconf 86' lang='lat' dir='ltr'><strong>Qui</strong></span> <span class='ocrx_word' id='word_1_136' title='bbox 242 2889 309 2952; x_wconf 91' lang='lat' dir='ltr'><strong>sine</strong></span> <span class='ocrx_word' id='word_1_137' title='bbox 325 2890 448 2954; x_wconf 89' lang='lat' dir='ltr'><strong>licentia</strong></span> <span class='ocrx_word' id='word_1_138' title='bbox 459 2891 624 2956; x_wconf 88' lang='lat' dir='ltr'><strong>discedunt</strong></span> <span class='ocrx_word' id='word_1_139' title='bbox 639 2909 713 2954; x_wconf 90' lang='lat' dir='ltr'><strong>cum</strong></span> <span class='ocrx_word' id='word_1_140' title='bbox 733 2894 839 2956; x_wconf 88' lang='lat' dir='ltr'><strong>animo</strong></span> <span class='ocrx_word' id='word_1_141' title='bbox 853 2889 1018 2966; x_wconf 85' lang='lat' dir='ltr'><strong>redeundi,</strong></span> <span class='ocrx_word' id='word_1_142' title='bbox 1034 2908 1096 2950; x_wconf 92' lang='lat' dir='ltr'><strong>non</strong></span> 
     </span>
     <span class='ocr_line' id='line_1_24' title="bbox 129 2977 1099 3064; baseline -0.002 -22"><span class='ocrx_word' id='word_1_143' title='bbox 129 2987 204 3042; x_wconf 85' lang='lat' dir='ltr'><strong>sunt</strong></span> <span class='ocrx_word' id='word_1_144' title='bbox 217 2977 347 3058; x_wconf 86' lang='lat' dir='ltr'><strong>quidem</strong></span> <span class='ocrx_word' id='word_1_145' title='bbox 362 2980 466 3042; x_wconf 90' lang='lat' dir='ltr'><strong>stricte</strong></span> <span class='ocrx_word' id='word_1_146' title='bbox 481 2988 640 3064; x_wconf 72' lang='lat' dir='ltr'><strong>apostatae,</strong></span> <span class='ocrx_word' id='word_1_147' title='bbox 657 2981 695 3044; x_wconf 91' lang='lat' dir='ltr'><strong>iis</strong></span> <span class='ocrx_word' id='word_1_148' title='bbox 710 2989 816 3046; x_wconf 89' lang='lat' dir='ltr'><strong>tamen</strong></span> <span class='ocrx_word' id='word_1_149' title='bbox 832 2981 943 3061; x_wconf 91' lang='lat' dir='ltr'><strong>injure</strong></span> <span class='ocrx_word' id='word_1_150' title='bbox 958 2979 1099 3060; x_wconf 86' lang='lat' dir='ltr'><strong>aequipa-</strong></span> 
     </span>
    </p>

    <p class='ocr_par' dir='ltr' id='par_1_12' title="bbox 105 3074 252 3130">
     <span class='ocr_line' id='line_1_25' title="bbox 105 3074 252 3130; baseline 0 0"><span class='ocrx_word' id='word_1_151' title='bbox 105 3101 109 3112; x_wconf 89' lang='lat'><strong>·</strong></span> <span class='ocrx_word' id='word_1_152' title='bbox 129 3074 252 3130; x_wconf 87' lang='lat' dir='ltr'><strong>rantur.</strong></span> 
     </span>
    </p>

    <p class='ocr_par' dir='ltr' id='par_1_13' title="bbox 129 3156 1099 3423">
     <span class='ocr_line' id='line_1_26' title="bbox 169 3156 1099 3240; baseline 0.003 -23"><span class='ocrx_word' id='word_1_153' title='bbox 169 3156 315 3219; x_wconf 88' lang='lat' dir='ltr'><strong>Dimissio</strong></span> <span class='ocrx_word' id='word_1_154' title='bbox 343 3156 469 3220; x_wconf 86' lang='lat' dir='ltr'><strong>habitus</strong></span> <span class='ocrx_word' id='word_1_155' title='bbox 493 3177 564 3240; x_wconf 80' lang='lat' dir='ltr'><strong>qure</strong></span> <span class='ocrx_word' id='word_1_156' title='bbox 590 3179 653 3224; x_wconf 92' lang='lat' dir='ltr'><strong>non</strong></span> <span class='ocrx_word' id='word_1_157' title='bbox 677 3163 711 3224; x_wconf 88' lang='lat' dir='ltr'><strong>iit</strong></span> <span class='ocrx_word' id='word_1_158' title='bbox 734 3182 806 3226; x_wconf 87' lang='lat' dir='ltr'><strong>curn</strong></span> <span class='ocrx_word' id='word_1_159' title='bbox 831 3163 937 3223; x_wconf 88' lang='lat' dir='ltr'><strong>animo</strong></span> <span class='ocrx_word' id='word_1_160' title='bbox 957 3177 1021 3222; x_wconf 93' lang='lat' dir='ltr'><strong>non</strong></span> <span class='ocrx_word' id='word_1_161' title='bbox 1048 3177 1099 3220; x_wconf 90' lang='lat' dir='ltr'><strong>re·</strong></span> 
     </span>
     <span class='ocr_line' id='line_1_27' title="bbox 129 3243 1099 3328; baseline 0.002 -20"><span class='ocrx_word' id='word_1_162' title='bbox 129 3243 250 3308; x_wconf 91' lang='lat' dir='ltr'><strong>deundi</strong></span> <span class='ocrx_word' id='word_1_163' title='bbox 265 3253 389 3308; x_wconf 91' lang='lat' dir='ltr'><strong>nonest</strong></span> <span class='ocrx_word' id='word_1_164' title='bbox 403 3249 576 3328; x_wconf 84' lang='lat' dir='ltr'><strong>apostasia3</strong></span> <span class='ocrx_word' id='word_1_165' title='bbox 592 3251 616 3312; x_wconf 91' lang='lat' dir='ltr'><strong>si</strong></span> <span class='ocrx_word' id='word_1_166' title='bbox 634 3261 738 3314; x_wconf 87' lang='lat' dir='ltr'><strong>tamen</strong></span> <span class='ocrx_word' id='word_1_167' title='bbox 753 3252 809 3314; x_wconf 83' lang='lat' dir='ltr'><strong>frat</strong></span> <span class='ocrx_word' id='word_1_168' title='bbox 823 3253 890 3312; x_wconf 84' lang='lat' dir='ltr'><strong>sinc</strong></span> <span class='ocrx_word' id='word_1_169' title='bbox 906 3249 1099 3327; x_wconf 79' lang='lat' dir='ltr'><strong>necessitate,</strong></span> 
     </span>
     <span class='ocr_line' id='line_1_28' title="bbox 130 3333 1097 3423; baseline 0.006 -27"><span class='ocrx_word' id='word_1_170' title='bbox 130 3333 267 3412; x_wconf 78' lang='lat' dir='ltr'><strong>vagandi</strong></span> <span class='ocrx_word' id='word_1_171' title='bbox 283 3335 402 3410; x_wconf 88' lang='lat' dir='ltr'><strong>animo,</strong></span> <span class='ocrx_word' id='word_1_172' title='bbox 425 3337 597 3400; x_wconf 80' lang='lat' dir='ltr'><strong>incurritur</strong></span> <span class='ocrx_word' id='word_1_173' title='bbox 613 3341 680 3423; x_wconf 89' lang='lat' dir='ltr'><strong>ipso</strong></span> <span class='ocrx_word' id='word_1_174' title='bbox 698 3343 780 3406; x_wconf 87' lang='lat' dir='ltr'><strong>facte</strong></span> <span class='ocrx_word' id='word_1_175' title='bbox 804 3341 1097 3404; x_wconf 83' lang='lat' dir='ltr'><strong>excommunicatio.</strong></span> 
     </span>
    </p>

    <p class='ocr_par' dir='ltr' id='par_1_14' title="bbox 124 3421 1103 3871">
     <span class='ocr_line' id='line_1_29' title="bbox 170 3421 1102 3514; baseline 0.015 -31"><span class='ocrx_word' id='word_1_176' title='bbox 170 3421 239 3485; x_wconf 92' lang='lat' dir='ltr'><strong>Nou</strong></span> <span class='ocrx_word' id='word_1_177' title='bbox 255 3432 300 3485; x_wconf 88' lang='lat' dir='ltr'><strong>est</strong></span> <span class='ocrx_word' id='word_1_178' title='bbox 316 3423 390 3485; x_wconf 87' lang='lat' dir='ltr'><strong>item</strong></span> <span class='ocrx_word' id='word_1_179' title='bbox 406 3433 560 3507; x_wconf 86' lang='lat' dir='ltr'><strong>apostata,</strong></span> <span class='ocrx_word' id='word_1_180' title='bbox 578 3447 636 3491; x_wconf 83' lang='lat' dir='ltr'><strong>nec</strong></span> <span class='ocrx_word' id='word_1_181' title='bbox 649 3430 757 3493; x_wconf 87' lang='lat' dir='ltr'><strong>illicite</strong></span> <span class='ocrx_word' id='word_1_182' title='bbox 773 3433 836 3512; x_wconf 83' lang='lat' dir='ltr'><strong>agit</strong></span> <span class='ocrx_word' id='word_1_183' title='bbox 851 3432 927 3513; x_wconf 90' lang='lat' dir='ltr'><strong>qui,</strong></span> <span class='ocrx_word' id='word_1_184' title='bbox 945 3432 1060 3514; x_wconf 87' lang='lat' dir='ltr'><strong>injuste</strong></span> <span class='ocrx_word' id='word_1_185' title='bbox 1072 3443 1102 3497; x_wconf 91' lang='lat' dir='ltr'><strong>et</strong></span> 
     </span>
     <span class='ocr_line' id='line_1_30' title="bbox 131 3511 1100 3598; baseline 0.015 -24"><span class='ocrx_word' id='word_1_186' title='bbox 131 3511 315 3576; x_wconf 80' lang='lat' dir='ltr'><strong>notabiliter</strong></span> <span class='ocrx_word' id='word_1_187' title='bbox 334 3532 350 3575; x_wconf 92' lang='lat' dir='ltr'><strong>a</strong></span> <span class='ocrx_word' id='word_1_188' title='bbox 372 3516 525 3596; x_wconf 87' lang='lat' dir='ltr'><strong>superiori</strong></span> <span class='ocrx_word' id='word_1_189' title='bbox 540 3529 707 3598; x_wconf 82' lang='lat' dir='ltr'><strong>gravatus,</strong></span> <span class='ocrx_word' id='word_1_190' title='bbox 730 3539 893 3584; x_wconf 85' lang='lat' dir='ltr'><strong>recursum</strong></span> <span class='ocrx_word' id='word_1_191' title='bbox 909 3521 948 3584; x_wconf 87' lang='lat' dir='ltr'><strong>ad</strong></span> <span class='ocrx_word' id='word_1_192' title='bbox 973 3525 1100 3588; x_wconf 89' lang='lat' dir='ltr'><strong>Provin-</strong></span> 
     </span>
     <span class='ocr_line' id='line_1_31' title="bbox 130 3600 1102 3686; baseline 0.015 -23"><span class='ocrx_word' id='word_1_193' title='bbox 130 3600 244 3663; x_wconf 88' lang='lat' dir='ltr'><strong>cialem</strong></span> <span class='ocrx_word' id='word_1_194' title='bbox 259 3602 307 3664; x_wconf 85' lang='lat' dir='ltr'><strong>vel</strong></span> <span class='ocrx_word' id='word_1_195' title='bbox 323 3601 506 3668; x_wconf 88' lang='lat' dir='ltr'><strong>Generalem</strong></span> <span class='ocrx_word' id='word_1_196' title='bbox 522 3608 589 3670; x_wconf 91' lang='lat' dir='ltr'><strong>sine</strong></span> <span class='ocrx_word' id='word_1_197' title='bbox 604 3609 730 3673; x_wconf 89' lang='lat' dir='ltr'><strong>lieentia</strong></span> <span class='ocrx_word' id='word_1_198' title='bbox 744 3609 850 3686; x_wconf 84' lang='lat' dir='ltr'><strong>habet,</strong></span> <span class='ocrx_word' id='word_1_199' title='bbox 869 3612 963 3676; x_wconf 90' lang='lat' dir='ltr'><strong>modo</strong></span> <span class='ocrx_word' id='word_1_200' title='bbox 974 3615 1102 3678; x_wconf 85' lang='lat' dir='ltr'><strong>evidens</strong></span> 
     </span>
     <span class='ocr_line' id='line_1_32' title="bbox 129 3689 1103 3770; baseline 0.014 -18"><span class='ocrx_word' id='word_1_201' title='bbox 129 3689 170 3752; x_wconf 83' lang='lat' dir='ltr'><strong>eit</strong></span> <span class='ocrx_word' id='word_1_202' title='bbox 183 3707 352 3770; x_wconf 82' lang='lat' dir='ltr'><strong>gravamen</strong></span> <span class='ocrx_word' id='word_1_203' title='bbox 368 3740 376 3768; x_wconf 87' lang='lat'><strong>‚</strong></span> <span class='ocrx_word' id='word_1_204' title='bbox 393 3701 423 3755; x_wconf 93' lang='lat' dir='ltr'><strong>et</strong></span> <span class='ocrx_word' id='word_1_205' title='bbox 446 3695 575 3760; x_wconf 77' lang='lat' dir='ltr'><strong>inferior</strong></span> <span class='ocrx_word' id='word_1_206' title='bbox 590 3697 716 3760; x_wconf 87' lang='lat' dir='ltr'><strong>nullum</strong></span> <span class='ocrx_word' id='word_1_207' title='bbox 732 3700 818 3763; x_wconf 90' lang='lat' dir='ltr'><strong>aliud</strong></span> <span class='ocrx_word' id='word_1_208' title='bbox 833 3701 970 3764; x_wconf 82' lang='lat' dir='ltr'><strong>inedium</strong></span> <span class='ocrx_word' id='word_1_209' title='bbox 987 3703 1103 3766; x_wconf 86' lang='lat' dir='ltr'><strong>habeat</strong></span> 
     </span>
     <span class='ocr_line' id='line_1_33' title="bbox 124 3776 1095 3871; baseline 0.01 -29"><span class='ocrx_word' id='word_1_210' title='bbox 124 3778 161 3842; x_wconf 81' lang='lat' dir='ltr'><strong>od</strong></span> <span class='ocrx_word' id='word_1_211' title='bbox 182 3776 261 3841; x_wconf 82' lang='lat' dir='ltr'><strong>iilud</strong></span> <span class='ocrx_word' id='word_1_212' title='bbox 277 3780 504 3860; x_wconf 86' lang='lat' dir='ltr'><strong>repellendum.</strong></span> <span class='ocrx_word' id='word_1_213' title='bbox 519 3785 607 3848; x_wconf 91' lang='lat' dir='ltr'><strong>Unde</strong></span> <span class='ocrx_word' id='word_1_214' title='bbox 617 3787 699 3850; x_wconf 89' lang='lat' dir='ltr'><strong>dicta</strong></span> <span class='ocrx_word' id='word_1_215' title='bbox 710 3787 839 3852; x_wconf 81' lang='lat' dir='ltr'><strong>concilii</strong></span> <span class='ocrx_word' id='word_1_216' title='bbox 854 3789 993 3851; x_wconf 84' lang='lat' dir='ltr'><strong>Trident.</strong></span> <span class='ocrx_word' id='word_1_217' title='bbox 1009 3791 1095 3871; x_wconf 76' lang='lat' dir='ltr'><strong>(sess.</strong></span> 
     </span>
    </p>
   </div>
   <div class='ocr_carea' id='block_1_10' title="bbox 0 0 1322 4208">
    <p class='ocr_par' dir='ltr' id='par_1_15' title="bbox 0 0 1322 4208">
     <span class='ocr_line' id='line_1_34' title="bbox 0 0 1322 4208; baseline 0 0"><span class='ocrx_word' id='word_1_218' title='bbox 0 0 1322 4208; x_wconf 95' lang='lat' dir='ltr'><strong> </strong></span> 
     </span>
    </p>
   </div>
  </div>
 </body>
</html>
