2618 4212
207 295 266 360 tro
474 288 632 348 suuusu'rn
652 299 736 346 Jnnrs
757 293 905 344 eructuet.

204 427 310 505 vigore
337 422 551 504 perstiterunt,
581 421 647 484 sive
677 439 735 502 pro
764 418 899 482 Romani
923 417 1181 487 Pontificiselee·

205 515 289 576 tione
304 512 314 555 Ι
329 512 461 592 sivepro
479 511 604 574 interno
629 509 782 589 regimine
796 523 1075 590 quorumcumque
1086 507 1182 572 Ordi·
1292 499 1293 554 Ὗ

205 619 283 666 num
295 609 325 663 et
339 599 557 662 Institutorum
569 599 762 678 regularium
775 597 808 673 ¹,
820 613 941 659 necnon
953 614 1183 677 quorumcum-

205 709 267 772 que
278 687 795 769 collegiorum,congregationum,
806 684 1183 769 ooetuum,locorumque

205 780 353 860 piorum,
376 775 603 860 cujuscumque
631 776 770 840 nominis
796 783 850 837 aut
876 775 999 856 generis
1027 775 1103 854 sint,
1131 795 1184 839 eas
1292 847 1294 852 χ

206 886 316 932 omnes
331 865 439 929 firmas
452 884 532 941 esse,
547 865 620 928 etin
634 883 693 929 suo
708 864 821 928 robore
833 881 1021 947 permanere
1033 865 1184 928 volumus

207 955 455 1018 etdeclaramus.

247 1042 621 1119 Caeterumdecemimus‚
648 1043 681 1104 in
709 1043 798 1105 noris
825 1040 1083 1123 quibuscumque
1104 1062 1184 1107 con-
1294 1079 1295 1104 i

208 1131 404 1196 cessionibus
418 1149 455 1194 ac
469 1132 653 1214 privilegiis,
668 1149 740 1212 quae
757 1129 797 1192 ab
811 1129 987 1212 Apostolioa
1011 1129 1093 1194 Sede
1108 1151 1186 1196 con·

208 1220 275 1284 cedi
291 1221 391 1283 cuivis
416 1221 596 1300 contigerit,
614 1221 704 1282 nullo
729 1219 824 1282 modo
848 1235 885 1280 ac
911 1219 1033 1280 ratione
1048 1219 1186 1303 intelligi

209 1327 353 1390 unquam
380 1308 494 1370 debere
521 1318 576 1372 aut
604 1327 695 1391 posse
732 1306 963 1390 comprehendi
1000 1307 1186 1372 facultatem
1295 1381 1296 1384 Ἴ

210 1397 426 1461 absolvendia
446 1395 571 1460 casibus
598 1407 629 1459 et
651 1397 792 1460 censuris
817 1395 1013 1477 quibuslibet
1040 1396 1188 1462 Romano

211 1487 351 1549 Pontifici
366 1486 542 1562 reservatis,
559 1485 619 1548 nisi
634 1487 674 1548 de
688 1485 727 1547 iis
741 1484 893 1558 formalis,
911 1483 1059 1566 explicita
1085 1505 1122 1549 ac
1137 1488 1188 1550 in·

211 1574 340 1638 dividua
365 1576 483 1637 mentio
509 1573 590 1638 sacta
618 1574 735 1638 luerit:
763 1593 833 1656 quae
856 1591 931 1636 vero
952 1573 1119 1656 privilegia
1134 1589 1190 1640 aut

214 1663 387 1740 facultates,
404 1663 469 1726 sive
484 1683 501 1726 a
515 1663 798 1727 Praedeoessoribus
818 1663 948 1737 Nostris,
965 1662 1031 1725 sive
1062 1665 1155 1727 etiam
1172 1685 1190 1726 a
1296 1671 1297 1678 ’

213 1754 310 1818 Nobis
325 1752 453 1816 cuilibet
465 1751 577 1830 Goetui,
608 1751 728 1828 Ordini‚
754 1752 1006 1832 Congregationi,
1036 1755 1186 1816 societati

214 1850 244 1906 et
271 1843 430 1916 lnstitut0,
455 1843 550 1904 etiam
564 1843 700 1922 regulari
717 1840 854 1925 cujusvis
869 1841 995 1922 speciei,
1021 1843 1079 1903 etsi
1096 1843 1192 1906 titulo

216 1931 366 2014 peculiari
384 1931 525 2012 predio,
542 1939 636 2014 atque
646 1932 741 1994 etiam
757 1930 882 2013 speciali
903 1930 1064 1994 mentione
1081 1930 1190 2012 digno,
1297 1933 1298 1938 ’

216 2041 233 2084 a
248 2023 361 2103 quovis
375 2039 519 2103 unquam
533 2027 675 2102 ternpore
689 2021 754 2083 huc
769 2037 868 2102 usque
881 2036 1028 2082 concessa
1056 2019 1188 2095 suerint,

218 2129 253 2174 ea
267 2109 388 2186 omnia,
404 2127 518 2191 easque
529 2126 640 2173 omnes
651 2109 762 2172 Nostra
777 2109 838 2170 hae
855 2107 1085 2172 constitutione
1099 2129 1192 2174 reso·

220 2207 314 2274 natas,
330 2215 514 2279 suppressas
527 2207 559 2260 et
573 2197 706 2260 abolitas
720 2217 787 2260 esse
802 2197 961 2272 volumus,
974 2207 1070 2278 prout
1085 2217 1195 2280 reapse
1298 2241 1299 2248 κ

221 2303 417 2365 revocamus,
432 2287 660 2368 supprimimus
674 2294 703 2349 et
729 2285 916 2360 abolemus,
934 2287 1068 2350 minime
1093 2288 1193 2351 refra-

219 2374 428 2459 gantibusaut
437 2373 811 2458 obstantibuspririlegiis
825 2374 1195 2458 quibuscumque‚etiam

219 2463 417 2548 specialibus,
439 2464 685 2547 comprehensis,
701 2463 749 2527 vel
766 2482 829 2527 non
843 2465 876 2526 in
890 2481 1022 2546 corpore
1037 2465 1121 2547 juris
1141 2479 1197 2531 ant

220 2554 406 2638 Apostolicis
429 2551 732 2628 Constitutionibus,
758 2562 790 2617 et
815 2553 926 2636 quavis
948 2555 1197 2618 confirmatione

221 2643 410 2726 Apostolica‚
425 2643 473 2706 vel
488 2643 731 2708 immemorabili
753 2644 851 2706 etiam
874 2643 1118 2720 consuetudine,
1142 2656 1197 2708 aut

224 2733 286 2794 alia
300 2750 501 2814 quacumque
517 2732 665 2796 firmitate
686 2733 856 2808 roboratis,
886 2731 1082 2813 quibuslibet
1101 2735 1199 2798 etiam

223 2820 333 2885 formis
342 2840 378 2884 ac
392 2820 567 2898 tenoribus,
578 2830 691 2884 etcum
705 2821 870 2902 quibusvis
881 2819 1100 2902 derogatoriis,
1115 2824 1200 2886 aliis·

224 2929 287 2994 que
296 2910 521 2975 efficacioribus
530 2924 561 2974 et
575 2911 893 2976 insolitiselausulis:
909 2911 1025 2993 quibus
1035 2913 1202 2988 omnibus,

225 3011 381 3083 quatenus
393 3019 474 3083 opus
486 3002 534 3076 sit,
550 2999 700 3082 derogare
715 2998 910 3063 intendimus
924 3007 952 3062 et
967 2999 1173 3082 derogamus.

265 3087 405 3150 Firmam
417 3095 521 3150 tamen
541 3089 770 3151 essevolumus
786 3087 1170 3154 absolvendifacultatem
1186 3110 1205 3154 a

227 3175 411 3238 Tridentina
431 3175 558 3258 Synodo
574 3177 739 3259 Episcopis
758 3195 940 3240 concessam
959 3195 1034 3242 sess.
1053 3183 1107 3257 at,
1127 3199 1156 3242 c.
1174 3185 1203 3251 6,

228 3263 273 3327 De
285 3263 407 3343 reform.
429 3265 461 3326 in
476 3264 730 3348 quibuscumque
745 3266 887 3329 censuris
910 3266 1101 3348 Apostolicae
1130 3268 1202 3332 Sedi

203 3384 227 3500 g*
262 3433 287 3482 l.
308 3433 367 3484 vida
379 3449 451 3500 supra
471 3433 550 3500 (ttt).

200 3553 208 3612 ⁵:
230 3536 253 3586 2.
270 3535 559 3587 Eoecornmunicatiamce
575 3542 670 3588 centra
685 3538 819 3604 regulares
833 3539 1062 3604 rumatajuoera
1072 3541 1207 3593 Iber-aria.

200 3591 221 3699 l
707 3657 726 3710 ι

264 3735 354 3788 contra
373 3740 459 3785 annm
475 3735 539 3785 uiua
559 3751 627 3788 mare
644 3737 698 3788 tine
712 3737 812 3788 licentia
830 3737 932 3802 Papo...
956 3737 1066 3792 (Exitu.
1086 3741 1137 3791 Ad
1149 3757 1208 3794 ηι-

233 3813 314 3864 tram,
326 3805 357 3853 de
368 3805 470 3866 reputt
