2590 4208
199 251 239 312 ts
474 261 627 308 stensnrl
648 261 729 308 tonis
748 259 895 308 canonici.

162 409 169 422 ,
204 373 313 436 decem
337 371 540 446 lrancorum3
567 371 630 433 imo
651 371 676 432 si
695 370 843 451 disponat
862 369 895 432 in
918 367 1106 450 propriam,
1127 368 1176 430 vel

206 459 402 523 confratrum
422 467 477 521 aut
499 475 703 522 consororum
725 458 917 532 utilitatem,
945 456 1089 520 mortalis
1115 473 1178 519 non

204 548 266 611 erit
287 548 346 610 nisi
371 555 482 627 agatur
496 547 535 610 de
554 565 678 610 summa
700 547 808 626 viginti
826 545 1020 608 francorum.
1045 543 1094 626 (V.
1125 545 1181 607 Des

208 635 235 697 C
236 641 446 722 ommunnutdt,
463 644 536 709 etta,
549 645 586 698 11⁰
599 639 669 710 560,
685 634 759 718 alc.)

250 723 280 786 Si
297 741 380 797 vero,
398 726 466 786 sine
481 724 621 798 licentia,
639 726 792 804 acciperet
809 721 931 804 aliquid
946 739 1006 786 usu
1021 739 1087 783 non
1102 735 1182 783 con-

208 813 391 891 sumptibilc
410 831 483 875 cum
504 813 678 876 intentione
698 812 777 875 illud
799 817 908 893 postea
922 807 1131 883 restituendi,
1152 826 1182 870 v.

207 919 242 981 g.
269 900 405 976 librum,
431 900 481 963 vel
506 901 626 980 aliquid
647 899 754 976 aliud,
780 900 877 963 etiam
900 897 1051 962 notabilis
1071 895 1183 976 pretii,

212 989 387 1053 mortaliter
397 1006 462 1052 non
478 997 640 1071 peccaret:
657 990 777 1071 quippe
789 999 865 1051 tunc
876 988 1022 1070 superior
1032 985 1187 1066 magisest

212 1079 330 1140 invitus
344 1078 383 1140 de
398 1077 492 1141 modo
505 1095 569 1159 quo
585 1076 666 1141 lacta
682 1077 740 1141 luit
757 1076 914 1159 acceptio,
929 1093 1027 1157 quam
1043 1074 1083 1138 de
1100 1073 1188 1156 ipsa-

211 1176 278 1228 met
293 1167 485 1247 acceptione.
501 1166 586 1229 idem
604 1175 651 1230 est
665 1166 834 1229 dicendum
850 1165 889 1228 de
904 1173 1017 1227 mutuo
1031 1162 1083 1226 vcl
1101 1180 1189 1225 com·
1285 1228 1286 1244 p

133 1251 135 1256 ’
211 1253 427 1318 modationca
448 1255 595 1334 religioso
619 1254 720 1330 lacta,
739 1253 833 1319 modo
848 1255 914 1336 ipsa
928 1253 1046 1315 habeat
1059 1253 1189 1314 restitn·
1285 1251 1286 1254 ’

115 1355 118 1362 ·
215 1344 333 1467 tipnem
365 1349 462 1416 certo
476 1343 667 1407 iaciendum.
689 1343 779 1426 (Vide
800 1343 880 1418 alia,
902 1343 935 1404 in
959 1340 1045 1406 dicto
1071 1358 1189 1423 opere,

214 1449 235 1493 n
254 1429 453 1595 {allowed
465 1538 576 1601 poenas
589 1530 698 1585 contra
711 1521 875 1602 religiosos
895 1519 985 1597 latas,
1001 1520 1070 1602 qni,
1086 1517 1192 1583 licata

215 1625 274 1670 suo
294 1609 448 1689 superiori
468 1611 605 1686 moniti,
627 1609 785 1674 decedunt
807 1628 881 1674 cum
904 1610 1034 1692 proprio
1055 1609 1192 1672 latenter

210 1704 324 1760 contra
340 1699 483 1778 regulam
505 1709 648 1774 servato,
671 1699 835 1776 sepultura
849 1699 1022 1763 christiana
1040 1698 1191 1780 privandi

217 1790 303 1858 sunt,
320 1783 407 1864 juxta
426 1803 496 1866 cap.
520 1785 619 1863 Super
634 1785 778 1869 quodam,
794 1786 932 1850 Destcttt
945 1784 1102 1860 monocd.;
1125 1786 1192 1849 imo

211 1872 382 1934 exhumari
409 1874 640 1938 sine‘scandalo
663 1875 780 1938 debent
794 1876 819 1937 si
836 1875 902 1958 jam
921 1874 1036 1938 luerint
1061 1874 1189 1953 sepulti.
1288 1874 1289 1928 l

216 1960 248 2024 Si
263 1979 337 2023 vcro
351 1973 424 2024 ante
438 1972 572 2026 mortem
587 1963 1055 2046 deprehendunturquidquam
1071 1972 1190 2036 tenere,

217 2048 347 2111 biennio
363 2051 464 2113 activa
485 2061 516 2115 ct
535 2053 659 2134 passiva
673 2071 748 2115 voce
762 2053 876 2134 privati
895 2052 1034 2115 habendi
1056 2063 1145 2128 aunt,
1161 2062 1192 2114 et
1289 2099 1290 2102 ,

211 2139 310 2198 etiam
328 2140 432 2218 puniri
448 2140 565 2202 debent
575 2141 664 2224 juxta
680 2151 821 2206 tenorem
833 2143 1097 2206 constitutionum
1114 2159 1190 2223 pro-

218 2225 278 2305 prii
292 2226 411 2289 ordinis
425 2228 521 2310 (Trid.
545 2231 736 2306 sess-XXV,
750 2249 779 2294 c.
791 2235 831 2312 il,
848 2232 892 2294 De
905 2229 1052 2312 reptilae.)
1068 2264 1109 2277 -
1127 2230 1192 2294 hu·

215 2312 351 2395 jusmodi
371 2323 474 2378 tamen
499 2335 599 2398 poene
620 2337 639 2383 a
660 2319 806 2401 professis
828 2329 975 2384 votorum
994 2318 1191 2401 simplicium

217 2404 335 2466 incurri
352 2422 415 2467 non
429 2405 587 2472 videntur.

258 2491 382 2566 Quaerit.
399 2497 432 2556 6⁸
452 2495 500 2559 An
515 2499 658 2580 superior
673 2500 825 2579 regularis
847 2499 943 2581 possit
965 2496 1102 2561 subditis
1115 2497 1191 2561 dara

215 2580 377 2644 licentiam
402 2583 542 2666 aliquam
563 2589 705 2670 pecunie
720 2605 876 2651 summam
889 2586 966 2650 ludo
979 2585 1190 2668 exponendi?

259 2670 348 2752 Resp.
368 2671 562 2750 affirmative,
587 2677 612 2738 si
633 2676 754 2740 modica
769 2677 808 2739 sit
825 2694 966 2754 summa,
982 2683 1013 2740 et
1034 2676 1134 2739 ludus
1152 2677 1179 2739 si

215 2758 335 2821 licitus.
350 2760 418 2824 Non
433 2770 540 2823 autom
559 2765 753 2828 concordant
767 2776 910 2828 auctores
934 2763 1041 2847 quoad
1062 2768 1186 2844 ouanti-

216 2856 316 2910 tatem
330 2851 549 2929 exponendam
562 2876 570 2929 3
583 2854 622 2916 de
635 2873 701 2936 quo
713 2855 784 2918 vide
795 2855 949 2932 Manuale,
966 2867 1003 2917 n⁰
1018 2858 1109 2920 2789.

259 2941 327 3000 988.
352 2937 476 3012 Quaerit.
493 2947 527 3003 '1⁰
541 2940 651 3004 Utrum
661 2943 788 3007 ordines
802 2945 938 3025 religiosi
953 2944 1038 3006 bona
1054 2945 1086 3006 in
1102 2961 1191 3009 corn·

220 3027 310 3088 muni
327 3031 448 3108 possint
466 3029 612 3096 heberei

261 3115 352 3195 Resp.
370 3117 565 3194 affirmative,
583 3130 612 3182 et
629 3123 690 3185 hoc
702 3121 851 3186 omnibus
864 3124 1016 3187 concessit
1030 3122 1189 3199 Trident,

216 3203 290 3266 solis
307 3203 482 3283 Gupucct'ot'r
495 3217 522 3269 ct
537 3209 705 3272 Minoribus
718 3209 753 3273 de
763 3211 947 3275 observantia
959 3213 1088 3293 eccepto
1101 3212 1188 3296 (sess.

220 3289 320 3364 XXV,
339 3311 366 3353 c.
392 3297 429 3368 3,
453 3295 497 3358 Dc
517 3299 677 3382 reputem).
701 3299 780 3363 Huic
799 3308 903 3363 tamen
927 3303 1089 3366 concessio
1104 3303 1126 3364 ri
1140 3321 1190 3365 re·

222 3381 449 3446 nuntiaverunt
469 3384 593 3451 lesuitoe
613 3396 645 3451 et
660 3388 832 3453 Carmelitae
855 3389 1056 3466 discalceati,
1083 3393 1189 3476 quoad

214 3465 332 3530 domos
349 3473 560 3551 professionis,
573 3477 631 3539 etsi
645 3477 770 3540 Jesuitae
784 3488 909 3541 servent
922 3479 1116 3558 dominium,
1126 3500 1189 3548 non

222 3556 389 3623 mobilium
413 3563 489 3643 ipsis
502 3565 740 3630 inservientium
761 3567 931 3646 duntaxat,
947 3568 1001 3632 sed
1025 3586 1122 3650 etjam
1137 3589 1189 3654 (ω

219 3665 293 3796 tilius
309 3649 512 3728 professionis
525 3672 623 3736 quam
637 3658 795 3723 habitant.
808 3678 880 3724 cnm
892 3671 959 3733 siis
978 3674 1072 3737 horto
1086 3689 1119 3740 et
1140 3699 1187 3744 ec·

211 3751 237 3795 -c
250 3753 324 3799 esra.
