<?xml version="1.0" encoding="UTF-8"?>
<!DOCTYPE html PUBLIC "-//W3C//DTD XHTML 1.0 Transitional//EN"
    "http://www.w3.org/TR/xhtml1/DTD/xhtml1-transitional.dtd">
<html xmlns="http://www.w3.org/1999/xhtml" xml:lang="en" lang="en">
 <head>
  <title>
</title>
<meta http-equiv="Content-Type" content="text/html;charset=utf-8" />
  <meta name='ocr-system' content='tesseract 3.04.00' />
  <meta name='ocr-capabilities' content='ocr_page ocr_carea ocr_par ocr_line ocrx_word'/>
</head>
<body>
  <div class='ocr_page' id='page_1' title='image "./elementajurisca00craigoog_0163.png"; bbox 0 0 2574 4198; ppageno 0'>
   <div class='ocr_carea' id='block_1_1' title="bbox 188 331 881 394">
    <p class='ocr_par' dir='ltr' id='par_1_1' title="bbox 188 331 881 394">
     <span class='ocr_line' id='line_1_1' title="bbox 188 331 881 394; baseline -0.007 -5"><span class='ocrx_word' id='word_1_1' title='bbox 188 331 248 390; x_wconf 80' lang='lat' dir='ltr'><strong>oto</strong></span> <span class='ocrx_word' id='word_1_2' title='bbox 462 338 713 394; x_wconf 69' lang='lat' dir='ltr'><strong>repuerascens</strong></span> <span class='ocrx_word' id='word_1_3' title='bbox 733 337 881 385; x_wconf 82' lang='lat' dir='ltr'><strong>oauoutct.</strong></span> 
     </span>
    </p>
   </div>
   <div class='ocr_carea' id='block_1_2' title="bbox 190 429 1170 1931">
    <p class='ocr_par' dir='ltr' id='par_1_2' title="bbox 190 429 1168 1206">
     <span class='ocr_line' id='line_1_2' title="bbox 190 429 1160 516; baseline -0.011 -13"><span class='ocrx_word' id='word_1_4' title='bbox 190 439 326 503; x_wconf 73' lang='lat' dir='ltr'><strong>redditur</strong></span> <span class='ocrx_word' id='word_1_5' title='bbox 340 437 377 499; x_wconf 89' lang='lat' dir='ltr'><strong>ad</strong></span> <span class='ocrx_word' id='word_1_6' title='bbox 391 435 611 500; x_wconf 90' lang='lat' dir='ltr'><strong>restituendum</strong></span> <span class='ocrx_word' id='word_1_7' title='bbox 625 434 829 516; x_wconf 83' lang='lat' dir='ltr'><strong>superfluum,</strong></span> <span class='ocrx_word' id='word_1_8' title='bbox 846 442 875 497; x_wconf 88' lang='lat' dir='ltr'><strong>et</strong></span> <span class='ocrx_word' id='word_1_9' title='bbox 890 440 963 498; x_wconf 88' lang='lat' dir='ltr'><strong>tunc</strong></span> <span class='ocrx_word' id='word_1_10' title='bbox 975 429 1160 514; x_wconf 83' lang='lat' dir='ltr'><strong>probabilius</strong></span> 
     </span>
     <span class='ocr_line' id='line_1_3' title="bbox 190 519 1161 608; baseline -0.013 -16"><span class='ocrx_word' id='word_1_11' title='bbox 190 527 343 608; x_wconf 86' lang='lat' dir='ltr'><strong>accipiens</strong></span> <span class='ocrx_word' id='word_1_12' title='bbox 356 543 427 588; x_wconf 90' lang='lat' dir='ltr'><strong>cum</strong></span> <span class='ocrx_word' id='word_1_13' title='bbox 441 523 534 586; x_wconf 79' lang='lat' dir='ltr'><strong>dubia</strong></span> <span class='ocrx_word' id='word_1_14' title='bbox 549 523 608 586; x_wconf 90' lang='lat' dir='ltr'><strong>tide</strong></span> <span class='ocrx_word' id='word_1_15' title='bbox 621 530 739 586; x_wconf 89' lang='lat' dir='ltr'><strong>tenetur</strong></span> <span class='ocrx_word' id='word_1_16' title='bbox 752 523 789 596; x_wconf 88' lang='lat' dir='ltr'><strong>ad</strong></span> <span class='ocrx_word' id='word_1_17' title='bbox 804 523 1041 597; x_wconf 86' lang='lat' dir='ltr'><strong>restituendum,</strong></span> <span class='ocrx_word' id='word_1_18' title='bbox 1057 519 1161 582; x_wconf 84' lang='lat' dir='ltr'><strong>saltent</strong></span> 
     </span>
     <span class='ocr_line' id='line_1_4' title="bbox 191 606 1163 699; baseline -0.011 -21"><span class='ocrx_word' id='word_1_19' title='bbox 191 625 308 699; x_wconf 87' lang='lat' dir='ltr'><strong>partem</strong></span> <span class='ocrx_word' id='word_1_20' title='bbox 321 615 404 694; x_wconf 80' lang='lat' dir='ltr'><strong>juxta</strong></span> <span class='ocrx_word' id='word_1_21' title='bbox 418 613 659 695; x_wconf 74' lang='lat' dir='ltr'>probabilitatem</span> <span class='ocrx_word' id='word_1_22' title='bbox 673 613 831 676; x_wconf 76' lang='lat' dir='ltr'><strong>contrarie</strong></span> <span class='ocrx_word' id='word_1_23' title='bbox 845 611 1021 686; x_wconf 81' lang='lat' dir='ltr'><strong>sententiae3</strong></span> <span class='ocrx_word' id='word_1_24' title='bbox 1035 608 1077 670; x_wconf 91' lang='lat' dir='ltr'><strong>ad</strong></span> <span class='ocrx_word' id='word_1_25' title='bbox 1090 606 1163 670; x_wconf 84' lang='lat' dir='ltr'>nihil</span> 
     </span>
     <span class='ocr_line' id='line_1_5' title="bbox 192 700 1164 782; baseline -0.013 -13"><span class='ocrx_word' id='word_1_26' title='bbox 192 711 293 768; x_wconf 83' lang='lat' dir='ltr'><strong>autent</strong></span> <span class='ocrx_word' id='word_1_27' title='bbox 319 704 442 765; x_wconf 80' lang='lat' dir='ltr'><strong>econtra</strong></span> <span class='ocrx_word' id='word_1_28' title='bbox 466 701 651 782; x_wconf 81' lang='lat' dir='ltr'><strong>probabilius</strong></span> <span class='ocrx_word' id='word_1_29' title='bbox 676 706 829 764; x_wconf 86' lang='lat' dir='ltr'><strong>teneretur</strong></span> <span class='ocrx_word' id='word_1_30' title='bbox 853 700 878 764; x_wconf 91' lang='lat' dir='ltr'><strong>si</strong></span> <span class='ocrx_word' id='word_1_31' title='bbox 898 700 1063 780; x_wconf 79' lang='lat' dir='ltr'><strong>accepisset</strong></span> <span class='ocrx_word' id='word_1_32' title='bbox 1093 713 1164 760; x_wconf 86' lang='lat' dir='ltr'><strong>cum</strong></span> 
     </span>
     <span class='ocr_line' id='line_1_6' title="bbox 195 784 1167 870; baseline -0.008 -17"><span class='ocrx_word' id='word_1_33' title='bbox 195 792 275 854; x_wconf 77' lang='lat' dir='ltr'><strong>bont</strong></span> <span class='ocrx_word' id='word_1_34' title='bbox 297 789 374 868; x_wconf 84' lang='lat' dir='ltr'><strong>sule,</strong></span> <span class='ocrx_word' id='word_1_35' title='bbox 396 798 427 854; x_wconf 91' lang='lat' dir='ltr'><strong>ut</strong></span> <span class='ocrx_word' id='word_1_36' title='bbox 451 789 542 852; x_wconf 90' lang='lat' dir='ltr'><strong>videri</strong></span> <span class='ocrx_word' id='word_1_37' title='bbox 562 795 659 870; x_wconf 90' lang='lat' dir='ltr'><strong>potest</strong></span> <span class='ocrx_word' id='word_1_38' title='bbox 676 789 757 870; x_wconf 90' lang='lat' dir='ltr'><strong>apud</strong></span> <span class='ocrx_word' id='word_1_39' title='bbox 776 790 944 870; x_wconf 84' lang='lat' dir='ltr'><strong>Theologos</strong></span> <span class='ocrx_word' id='word_1_40' title='bbox 964 788 994 850; x_wconf 93' lang='lat' dir='ltr'><strong>in</strong></span> <span class='ocrx_word' id='word_1_41' title='bbox 1012 787 1115 849; x_wconf 84' lang='lat' dir='ltr'><strong>Traot.</strong></span> <span class='ocrx_word' id='word_1_42' title='bbox 1129 784 1167 846; x_wconf 90' lang='lat' dir='ltr'><strong>de</strong></span> 
     </span>
     <span class='ocr_line' id='line_1_7' title="bbox 193 877 1168 958; baseline -0.01 -14"><span class='ocrx_word' id='word_1_43' title='bbox 193 881 335 956; x_wconf 73' lang='lat' dir='ltr'><strong>lustitib;</strong></span> <span class='ocrx_word' id='word_1_44' title='bbox 358 879 405 942; x_wconf 87' lang='lat' dir='ltr'><strong>vel</strong></span> <span class='ocrx_word' id='word_1_45' title='bbox 419 877 629 941; x_wconf 85' lang='lat' dir='ltr'><strong>beneficiarius</strong></span> <span class='ocrx_word' id='word_1_46' title='bbox 643 896 703 940; x_wconf 92' lang='lat' dir='ltr'><strong>non</strong></span> <span class='ocrx_word' id='word_1_47' title='bbox 718 878 852 941; x_wconf 79' lang='lat' dir='ltr'><strong>redditur</strong></span> <span class='ocrx_word' id='word_1_48' title='bbox 863 880 1030 958; x_wconf 92' lang='lat' dir='ltr'><strong>impotens,</strong></span> <span class='ocrx_word' id='word_1_49' title='bbox 1045 881 1077 936; x_wconf 91' lang='lat' dir='ltr'><strong>et</strong></span> <span class='ocrx_word' id='word_1_50' title='bbox 1093 879 1168 936; x_wconf 87' lang='lat' dir='ltr'><strong>tunc</strong></span> 
     </span>
     <span class='ocr_line' id='line_1_8' title="bbox 194 966 1168 1050; baseline -0.008 -19"><span class='ocrx_word' id='word_1_51' title='bbox 194 969 368 1050; x_wconf 87' lang='lat' dir='ltr'><strong>accipiens,-</strong></span> <span class='ocrx_word' id='word_1_52' title='bbox 383 967 458 1029; x_wconf 92' lang='lat' dir='ltr'><strong>nihil</strong></span> <span class='ocrx_word' id='word_1_53' title='bbox 471 974 590 1028; x_wconf 86' lang='lat' dir='ltr'><strong>tenetur</strong></span> <span class='ocrx_word' id='word_1_54' title='bbox 603 966 779 1043; x_wconf 79' lang='lat' dir='ltr'><strong>restituere,</strong></span> <span class='ocrx_word' id='word_1_55' title='bbox 795 967 865 1048; x_wconf 89' lang='lat' dir='ltr'><strong>quia</strong></span> <span class='ocrx_word' id='word_1_56' title='bbox 884 967 1002 1028; x_wconf 81' lang='lat' dir='ltr'><strong>donans</strong></span> <span class='ocrx_word' id='word_1_57' title='bbox 1021 969 1123 1046; x_wconf 88' lang='lat' dir='ltr'><strong>potest</strong></span> <span class='ocrx_word' id='word_1_58' title='bbox 1139 971 1168 1024; x_wconf 90' lang='lat' dir='ltr'><strong>et</strong></span> 
     </span>
     <span class='ocr_line' id='line_1_9' title="bbox 195 1051 1168 1132; baseline -0.004 -14"><span class='ocrx_word' id='word_1_59' title='bbox 195 1057 284 1119; x_wconf 90' lang='lat' dir='ltr'><strong>dehet</strong></span> <span class='ocrx_word' id='word_1_60' title='bbox 298 1055 488 1130; x_wconf 79' lang='lat' dir='ltr'><strong>satisfacere,</strong></span> <span class='ocrx_word' id='word_1_61' title='bbox 503 1067 534 1117; x_wconf 86' lang='lat' dir='ltr'><strong>et</strong></span> <span class='ocrx_word' id='word_1_62' title='bbox 547 1055 571 1118; x_wconf 90' lang='lat' dir='ltr'><strong>si</strong></span> <span class='ocrx_word' id='word_1_63' title='bbox 587 1073 648 1118; x_wconf 90' lang='lat' dir='ltr'><strong>non</strong></span> <span class='ocrx_word' id='word_1_64' title='bbox 663 1053 751 1117; x_wconf 84' lang='lat' dir='ltr'><strong>iaciat</strong></span> <span class='ocrx_word' id='word_1_65' title='bbox 771 1055 850 1118; x_wconf 91' lang='lat' dir='ltr'><strong>illius</strong></span> <span class='ocrx_word' id='word_1_66' title='bbox 869 1055 991 1116; x_wconf 81' lang='lat' dir='ltr'><strong>melitite</strong></span> <span class='ocrx_word' id='word_1_67' title='bbox 1007 1059 1052 1114; x_wconf 87' lang='lat' dir='ltr'><strong>est</strong></span> <span class='ocrx_word' id='word_1_68' title='bbox 1067 1051 1168 1132; x_wconf 90' lang='lat' dir='ltr'><strong>impu-</strong></span> 
     </span>
     <span class='ocr_line' id='line_1_10' title="bbox 197 1145 334 1206; baseline -0.007 0"><span class='ocrx_word' id='word_1_69' title='bbox 197 1145 334 1206; x_wconf 73' lang='lat' dir='ltr'><strong>undum.</strong></span> 
     </span>
    </p>

    <p class='ocr_par' dir='ltr' id='par_1_3' title="bbox 196 1228 1170 1931">
     <span class='ocr_line' id='line_1_11' title="bbox 238 1228 1167 1312; baseline -0.003 -19"><span class='ocrx_word' id='word_1_70' title='bbox 238 1237 272 1293; x_wconf 70' lang='lat'><strong>2⁰</strong></span> <span class='ocrx_word' id='word_1_71' title='bbox 287 1230 389 1303; x_wconf 82' lang='lat' dir='ltr'><strong>Quoad</strong></span> <span class='ocrx_word' id='word_1_72' title='bbox 401 1236 569 1310; x_wconf 84' lang='lat' dir='ltr'><strong>peceatum,</strong></span> <span class='ocrx_word' id='word_1_73' title='bbox 581 1231 611 1292; x_wconf 92' lang='lat' dir='ltr'><strong>in</strong></span> <span class='ocrx_word' id='word_1_74' title='bbox 622 1231 770 1294; x_wconf 73' lang='lat' dir='ltr'><strong>sententie</strong></span> <span class='ocrx_word' id='word_1_75' title='bbox 780 1230 924 1312; x_wconf 86' lang='lat' dir='ltr'><strong>probabili</strong></span> <span class='ocrx_word' id='word_1_76' title='bbox 935 1230 1016 1312; x_wconf 77' lang='lat' dir='ltr'><strong>qued</strong></span> <span class='ocrx_word' id='word_1_77' title='bbox 1030 1228 1167 1297; x_wconf 86' lang='lat' dir='ltr'><strong>donatio,</strong></span> 
     </span>
     <span class='ocr_line' id='line_1_12' title="bbox 197 1317 1170 1400; baseline -0.003 -18"><span class='ocrx_word' id='word_1_78' title='bbox 197 1321 230 1382; x_wconf 93' lang='lat' dir='ltr'><strong>in</strong></span> <span class='ocrx_word' id='word_1_79' title='bbox 246 1339 331 1395; x_wconf 88' lang='lat' dir='ltr'><strong>casu,</strong></span> <span class='ocrx_word' id='word_1_80' title='bbox 347 1337 407 1380; x_wconf 93' lang='lat' dir='ltr'><strong>non</strong></span> <span class='ocrx_word' id='word_1_81' title='bbox 423 1327 466 1380; x_wconf 86' lang='lat' dir='ltr'><strong>est</strong></span> <span class='ocrx_word' id='word_1_82' title='bbox 479 1325 583 1380; x_wconf 90' lang='lat' dir='ltr'><strong>contra</strong></span> <span class='ocrx_word' id='word_1_83' title='bbox 593 1319 756 1398; x_wconf 89' lang='lat' dir='ltr'><strong>justitiam,</strong></span> <span class='ocrx_word' id='word_1_84' title='bbox 772 1322 1002 1400; x_wconf 64' lang='lat' dir='ltr'><strong>controvertitur</strong></span> <span class='ocrx_word' id='word_1_85' title='bbox 1014 1337 1055 1380; x_wconf 88' lang='lat' dir='ltr'><strong>an</strong></span> <span class='ocrx_word' id='word_1_86' title='bbox 1069 1317 1170 1380; x_wconf 79' lang='lat' dir='ltr'><strong>inhtc</strong></span> 
     </span>
     <span class='ocr_line' id='line_1_13' title="bbox 197 1407 1170 1490; baseline -0.002 -20"><span class='ocrx_word' id='word_1_87' title='bbox 197 1407 354 1490; x_wconf 80' lang='lat' dir='ltr'><strong>hypothesi</strong></span> <span class='ocrx_word' id='word_1_88' title='bbox 370 1413 527 1488; x_wconf 87' lang='lat' dir='ltr'><strong>peccatum</strong></span> <span class='ocrx_word' id='word_1_89' title='bbox 541 1407 707 1470; x_wconf 88' lang='lat' dir='ltr'><strong>committat</strong></span> <span class='ocrx_word' id='word_1_90' title='bbox 720 1409 870 1490; x_wconf 84' lang='lat' dir='ltr'><strong>accipiens</strong></span> <span class='ocrx_word' id='word_1_91' title='bbox 886 1427 893 1469; x_wconf 92' lang='lat'><strong>:</strong></span> <span class='ocrx_word' id='word_1_92' title='bbox 910 1409 1014 1470; x_wconf 90' lang='lat' dir='ltr'><strong>dicunt</strong></span> <span class='ocrx_word' id='word_1_93' title='bbox 1027 1409 1170 1469; x_wconf 74' lang='lat' dir='ltr'><strong>Menotta</strong></span> 
     </span>
     <span class='ocr_line' id='line_1_14' title="bbox 197 1495 1166 1578; baseline -0.003 -20"><span class='ocrx_word' id='word_1_94' title='bbox 197 1505 229 1558; x_wconf 91' lang='lat' dir='ltr'><strong>et</strong></span> <span class='ocrx_word' id='word_1_95' title='bbox 243 1495 375 1558; x_wconf 86' lang='lat' dir='ltr'><strong>Sanchez</strong></span> <span class='ocrx_word' id='word_1_96' title='bbox 388 1514 457 1557; x_wconf 81' lang='lat' dir='ltr'><strong>cunr</strong></span> <span class='ocrx_word' id='word_1_97' title='bbox 479 1496 545 1558; x_wconf 87' lang='lat' dir='ltr'><strong>aliis</strong></span> <span class='ocrx_word' id='word_1_98' title='bbox 562 1496 665 1558; x_wconf 87' lang='lat' dir='ltr'><strong>adesse</strong></span> <span class='ocrx_word' id='word_1_99' title='bbox 679 1503 836 1578; x_wconf 88' lang='lat' dir='ltr'><strong>peccatum</strong></span> <span class='ocrx_word' id='word_1_100' title='bbox 850 1497 882 1558; x_wconf 94' lang='lat' dir='ltr'><strong>in</strong></span> <span class='ocrx_word' id='word_1_101' title='bbox 895 1515 966 1559; x_wconf 87' lang='lat' dir='ltr'><strong>casu</strong></span> <span class='ocrx_word' id='word_1_102' title='bbox 979 1543 986 1570; x_wconf 89' lang='lat'><strong>,</strong></span> <span class='ocrx_word' id='word_1_103' title='bbox 1000 1498 1073 1576; x_wconf 88' lang='lat' dir='ltr'><strong>quia</strong></span> <span class='ocrx_word' id='word_1_104' title='bbox 1086 1496 1166 1558; x_wconf 87' lang='lat' dir='ltr'><strong>aoei-</strong></span> 
     </span>
     <span class='ocr_line' id='line_1_15' title="bbox 200 1584 1170 1666; baseline -0.002 -20"><span class='ocrx_word' id='word_1_105' title='bbox 200 1584 286 1664; x_wconf 88' lang='lat' dir='ltr'><strong>piens</strong></span> <span class='ocrx_word' id='word_1_106' title='bbox 307 1591 485 1666; x_wconf 86' lang='lat' dir='ltr'><strong>cooperatur</strong></span> <span class='ocrx_word' id='word_1_107' title='bbox 506 1593 627 1665; x_wconf 89' lang='lat' dir='ltr'><strong>peccalo</strong></span> <span class='ocrx_word' id='word_1_108' title='bbox 644 1585 783 1647; x_wconf 87' lang='lat' dir='ltr'><strong>donantis</strong></span> <span class='ocrx_word' id='word_1_109' title='bbox 804 1591 908 1647; x_wconf 90' lang='lat' dir='ltr'><strong>contra</strong></span> <span class='ocrx_word' id='word_1_110' title='bbox 926 1584 1106 1664; x_wconf 83' lang='lat' dir='ltr'><strong>religionem</strong></span> <span class='ocrx_word' id='word_1_111' title='bbox 1120 1592 1170 1646; x_wconf 85' lang='lat' dir='ltr'><strong>aut</strong></span> 
     </span>
     <span class='ocr_line' id='line_1_16' title="bbox 196 1672 1169 1755; baseline -0.002 -21"><span class='ocrx_word' id='word_1_112' title='bbox 196 1672 394 1745; x_wconf 68' lang='lat' dir='ltr'><strong>charitatem</strong></span> <span class='ocrx_word' id='word_1_113' title='bbox 417 1672 469 1734; x_wconf 92' lang='lat' dir='ltr'><strong>sed</strong></span> <span class='ocrx_word' id='word_1_114' title='bbox 491 1674 675 1754; x_wconf 81' lang='lat' dir='ltr'><strong>probabilius</strong></span> <span class='ocrx_word' id='word_1_115' title='bbox 691 1673 764 1736; x_wconf 91' lang='lat' dir='ltr'><strong>dicit</strong></span> <span class='ocrx_word' id='word_1_116' title='bbox 784 1675 814 1736; x_wconf 90' lang='lat' dir='ltr'><strong>S.</strong></span> <span class='ocrx_word' id='word_1_117' title='bbox 832 1674 952 1755; x_wconf 77' lang='lat' dir='ltr'><strong>[ignor.</strong></span> <span class='ocrx_word' id='word_1_118' title='bbox 969 1673 1169 1752; x_wconf 77' lang='lat' dir='ltr'><strong>accipientem</strong></span> 
     </span>
     <span class='ocr_line' id='line_1_17' title="bbox 202 1761 1167 1844; baseline 0.001 -23"><span class='ocrx_word' id='word_1_119' title='bbox 202 1761 233 1822; x_wconf 95' lang='lat' dir='ltr'><strong>in</strong></span> <span class='ocrx_word' id='word_1_120' title='bbox 249 1762 325 1824; x_wconf 78' lang='lat' dir='ltr'><strong>fecte</strong></span> <span class='ocrx_word' id='word_1_121' title='bbox 340 1762 495 1843; x_wconf 87' lang='lat' dir='ltr'><strong>hypothesi</strong></span> <span class='ocrx_word' id='word_1_122' title='bbox 510 1781 570 1824; x_wconf 93' lang='lat' dir='ltr'><strong>non</strong></span> <span class='ocrx_word' id='word_1_123' title='bbox 586 1779 729 1843; x_wconf 86' lang='lat' dir='ltr'><strong>peccare,</strong></span> <span class='ocrx_word' id='word_1_124' title='bbox 744 1781 843 1844; x_wconf 91' lang='lat' dir='ltr'><strong>neque</strong></span> <span class='ocrx_word' id='word_1_125' title='bbox 856 1770 960 1824; x_wconf 87' lang='lat' dir='ltr'><strong>eontra</strong></span> <span class='ocrx_word' id='word_1_126' title='bbox 974 1761 1167 1840; x_wconf 82' lang='lat' dir='ltr'><strong>religionem,</strong></span> 
     </span>
     <span class='ocr_line' id='line_1_18' title="bbox 201 1850 1169 1931; baseline 0 -21"><span class='ocrx_word' id='word_1_127' title='bbox 201 1867 300 1931; x_wconf 89' lang='lat' dir='ltr'><strong>neque</strong></span> <span class='ocrx_word' id='word_1_128' title='bbox 314 1858 417 1912; x_wconf 87' lang='lat' dir='ltr'><strong>contre</strong></span> <span class='ocrx_word' id='word_1_129' title='bbox 431 1850 606 1912; x_wconf 84' lang='lat' dir='ltr'><strong>charitatem</strong></span> <span class='ocrx_word' id='word_1_130' title='bbox 621 1872 627 1910; x_wconf 93' lang='lat'><strong>:</strong></span> <span class='ocrx_word' id='word_1_131' title='bbox 645 1869 706 1913; x_wconf 91' lang='lat' dir='ltr'><strong>non</strong></span> <span class='ocrx_word' id='word_1_132' title='bbox 719 1859 822 1914; x_wconf 85' lang='lat' dir='ltr'><strong>contre</strong></span> <span class='ocrx_word' id='word_1_133' title='bbox 837 1851 1015 1931; x_wconf 83' lang='lat' dir='ltr'><strong>religionem</strong></span> <span class='ocrx_word' id='word_1_134' title='bbox 1029 1851 1104 1930; x_wconf 87' lang='lat' dir='ltr'><strong>quia</strong></span> <span class='ocrx_word' id='word_1_135' title='bbox 1117 1868 1169 1930; x_wconf 89' lang='lat' dir='ltr'><strong>per</strong></span> 
     </span>
    </p>
   </div>
   <div class='ocr_carea' id='block_1_3' title="bbox 200 1939 1271 2021">
    <p class='ocr_par' dir='ltr' id='par_1_4' title="bbox 200 1939 1271 2021">
     <span class='ocr_line' id='line_1_19' title="bbox 200 1939 1271 2021; baseline -0.002 -21"><span class='ocrx_word' id='word_1_136' title='bbox 200 1939 381 2000; x_wconf 88' lang='lat' dir='ltr'><strong>ablationem</strong></span> <span class='ocrx_word' id='word_1_137' title='bbox 403 1939 447 1999; x_wconf 88' lang='lat' dir='ltr'><strong>rei</strong></span> <span class='ocrx_word' id='word_1_138' title='bbox 465 1939 583 2001; x_wconf 86' lang='lat' dir='ltr'><strong>donatae</strong></span> <span class='ocrx_word' id='word_1_139' title='bbox 603 1945 760 2020; x_wconf 88' lang='lat' dir='ltr'><strong>peccatum</strong></span> <span class='ocrx_word' id='word_1_140' title='bbox 775 1945 1020 2016; x_wconf 87' lang='lat' dir='ltr'><strong>consummatur,</strong></span> <span class='ocrx_word' id='word_1_141' title='bbox 1034 1939 1169 2021; x_wconf 88' lang='lat' dir='ltr'><strong>nihilque</strong></span> <span class='ocrx_word' id='word_1_142' title='bbox 1270 1961 1271 1998; x_wconf 90' lang='lat' dir='ltr'><strong>t</strong></span> 
     </span>
    </p>
   </div>
   <div class='ocr_carea' id='block_1_4' title="bbox 197 2026 1168 2198">
    <p class='ocr_par' dir='ltr' id='par_1_5' title="bbox 197 2026 1168 2198">
     <span class='ocr_line' id='line_1_20' title="bbox 201 2026 1168 2108; baseline 0.002 -22"><span class='ocrx_word' id='word_1_143' title='bbox 201 2027 321 2088; x_wconf 85' lang='lat' dir='ltr'><strong>malitiae</strong></span> <span class='ocrx_word' id='word_1_144' title='bbox 335 2026 362 2087; x_wconf 91' lang='lat' dir='ltr'><strong>ei</strong></span> <span class='ocrx_word' id='word_1_145' title='bbox 378 2027 551 2106; x_wconf 90' lang='lat' dir='ltr'><strong>superaddit</strong></span> <span class='ocrx_word' id='word_1_146' title='bbox 564 2029 728 2108; x_wconf 87' lang='lat' dir='ltr'><strong>acceptatio</strong></span> <span class='ocrx_word' id='word_1_147' title='bbox 741 2036 771 2089; x_wconf 91' lang='lat' dir='ltr'><strong>et</strong></span> <span class='ocrx_word' id='word_1_148' title='bbox 786 2029 933 2106; x_wconf 84' lang='lat' dir='ltr'><strong>retenti03</strong></span> <span class='ocrx_word' id='word_1_149' title='bbox 951 2046 1050 2108; x_wconf 84' lang='lat' dir='ltr'><strong>neque</strong></span> <span class='ocrx_word' id='word_1_150' title='bbox 1065 2035 1168 2090; x_wconf 88' lang='lat' dir='ltr'><strong>contra</strong></span> 
     </span>
     <span class='ocr_line' id='line_1_21' title="bbox 197 2113 1167 2198; baseline 0.004 -23"><span class='ocrx_word' id='word_1_151' title='bbox 197 2113 375 2175; x_wconf 84' lang='lat' dir='ltr'><strong>charitatem</strong></span> <span class='ocrx_word' id='word_1_152' title='bbox 389 2160 397 2184; x_wconf 86' lang='lat'><strong>,</strong></span> <span class='ocrx_word' id='word_1_153' title='bbox 421 2115 536 2176; x_wconf 90' lang='lat' dir='ltr'><strong>ratione</strong></span> <span class='ocrx_word' id='word_1_154' title='bbox 550 2115 653 2176; x_wconf 91' lang='lat' dir='ltr'><strong>damni</strong></span> <span class='ocrx_word' id='word_1_155' title='bbox 665 2115 747 2197; x_wconf 91' lang='lat' dir='ltr'><strong>qued</strong></span> <span class='ocrx_word' id='word_1_156' title='bbox 761 2135 799 2178; x_wconf 80' lang='lat' dir='ltr'><strong>ex</strong></span> <span class='ocrx_word' id='word_1_157' title='bbox 813 2117 862 2180; x_wconf 81' lang='lat' dir='ltr'><strong>itte</strong></span> <span class='ocrx_word' id='word_1_158' title='bbox 874 2117 1036 2180; x_wconf 87' lang='lat' dir='ltr'><strong>donatione</strong></span> <span class='ocrx_word' id='word_1_159' title='bbox 1050 2132 1167 2198; x_wconf 81' lang='lat' dir='ltr'><strong>paupe-</strong></span> 
     </span>
    </p>
   </div>
   <div class='ocr_carea' id='block_1_5' title="bbox 200 2201 1270 2284">
    <p class='ocr_par' dir='ltr' id='par_1_6' title="bbox 200 2201 1270 2284">
     <span class='ocr_line' id='line_1_22' title="bbox 200 2201 1270 2284; baseline 0.006 -22"><span class='ocrx_word' id='word_1_160' title='bbox 200 2201 284 2262; x_wconf 89' lang='lat' dir='ltr'><strong>ribus</strong></span> <span class='ocrx_word' id='word_1_161' title='bbox 297 2201 426 2275; x_wconf 89' lang='lat' dir='ltr'><strong>obvenit,</strong></span> <span class='ocrx_word' id='word_1_162' title='bbox 438 2202 509 2282; x_wconf 89' lang='lat' dir='ltr'><strong>quia</strong></span> <span class='ocrx_word' id='word_1_163' title='bbox 518 2201 647 2266; x_wconf 85' lang='lat' dir='ltr'><strong>charitas</strong></span> <span class='ocrx_word' id='word_1_164' title='bbox 660 2223 721 2266; x_wconf 93' lang='lat' dir='ltr'><strong>non</strong></span> <span class='ocrx_word' id='word_1_165' title='bbox 734 2205 847 2284; x_wconf 88' lang='lat' dir='ltr'><strong>obligat</strong></span> <span class='ocrx_word' id='word_1_166' title='bbox 859 2207 897 2268; x_wconf 83' lang='lat' dir='ltr'><strong>ad</strong></span> <span class='ocrx_word' id='word_1_167' title='bbox 911 2205 1067 2267; x_wconf 84' lang='lat' dir='ltr'><strong>vitantium</strong></span> <span class='ocrx_word' id='word_1_168' title='bbox 1082 2206 1167 2269; x_wconf 71' lang='lat' dir='ltr'><strong>dam»</strong></span> <span class='ocrx_word' id='word_1_169' title='bbox 1269 2215 1270 2238; x_wconf 78' lang='lat'>³</span> 
     </span>
    </p>
   </div>
   <div class='ocr_carea' id='block_1_6' title="bbox 200 2289 1166 2460">
    <p class='ocr_par' dir='ltr' id='par_1_7' title="bbox 200 2289 1166 2460">
     <span class='ocr_line' id='line_1_23' title="bbox 201 2289 1166 2438; baseline 0.006 -88"><span class='ocrx_word' id='word_1_170' title='bbox 201 2308 274 2438; x_wconf 68' lang='lat' dir='ltr'><strong>nbum</strong></span> <span class='ocrx_word' id='word_1_171' title='bbox 287 2289 420 2350; x_wconf 88' lang='lat' dir='ltr'><strong>alienum</strong></span> <span class='ocrx_word' id='word_1_172' title='bbox 435 2308 504 2352; x_wconf 90' lang='lat' dir='ltr'><strong>eum</strong></span> <span class='ocrx_word' id='word_1_173' title='bbox 518 2309 574 2353; x_wconf 91' lang='lat' dir='ltr'><strong>suo</strong></span> <span class='ocrx_word' id='word_1_174' title='bbox 588 2293 695 2373; x_wconf 79' lang='lat' dir='ltr'><strong>aequali</strong></span> <span class='ocrx_word' id='word_1_175' title='bbox 711 2293 913 2356; x_wconf 90' lang='lat' dir='ltr'><strong>incommodo.</strong></span> <span class='ocrx_word' id='word_1_176' title='bbox 926 2327 963 2340; x_wconf 89' lang='lat'>-</span> <span class='ocrx_word' id='word_1_177' title='bbox 974 2296 1016 2372; x_wconf 83' lang='lat' dir='ltr'><strong>tS.</strong></span> <span class='ocrx_word' id='word_1_178' title='bbox 1035 2294 1166 2374; x_wconf 79' lang='lat' dir='ltr'><strong>liguor,</strong></span> 
     </span>
     <span class='ocr_line' id='line_1_24' title="bbox 200 2379 363 2460; baseline 0.006 -21"><span class='ocrx_word' id='word_1_179' title='bbox 200 2379 214 2439; x_wconf 86' lang='lat' dir='ltr'><strong>i</strong></span> <span class='ocrx_word' id='word_1_180' title='bbox 235 2425 256 2446; x_wconf 88' lang='lat'><strong>.,</strong></span> <span class='ocrx_word' id='word_1_181' title='bbox 273 2397 304 2460; x_wconf 88' lang='lat' dir='ltr'><strong>q.</strong></span> <span class='ocrx_word' id='word_1_182' title='bbox 320 2379 363 2457; x_wconf 87' lang='lat'><strong>8.)</strong></span> 
     </span>
    </p>
   </div>
   <div class='ocr_carea' id='block_1_7' title="bbox 239 2466 1269 2551">
    <p class='ocr_par' dir='ltr' id='par_1_8' title="bbox 239 2466 1269 2551">
     <span class='ocr_line' id='line_1_25' title="bbox 239 2466 1269 2551; baseline 0.006 -24"><span class='ocrx_word' id='word_1_183' title='bbox 239 2469 308 2529; x_wconf 80' lang='lat'><strong>786.</strong></span> <span class='ocrx_word' id='word_1_184' title='bbox 332 2466 481 2539; x_wconf 87' lang='lat' dir='ltr'><strong>Quaeritur</strong></span> <span class='ocrx_word' id='word_1_185' title='bbox 495 2469 530 2528; x_wconf 86' lang='lat'><strong>3·</strong></span> <span class='ocrx_word' id='word_1_186' title='bbox 553 2471 596 2530; x_wconf 86' lang='lat' dir='ltr'><strong>hn</strong></span> <span class='ocrx_word' id='word_1_187' title='bbox 611 2469 798 2551; x_wconf 82' lang='lat' dir='ltr'><strong>superfluunt</strong></span> <span class='ocrx_word' id='word_1_188' title='bbox 816 2471 965 2533; x_wconf 90' lang='lat' dir='ltr'><strong>bonorum</strong></span> <span class='ocrx_word' id='word_1_189' title='bbox 984 2472 1166 2536; x_wconf 79' lang='lat' dir='ltr'><strong>eeclesiasti-</strong></span> <span class='ocrx_word' id='word_1_190' title='bbox 1268 2505 1269 2508; x_wconf 18' lang='grc' dir='ltr'>π</span> 
     </span>
    </p>
   </div>
   <div class='ocr_carea' id='block_1_8' title="bbox 167 2556 1267 3702">
    <p class='ocr_par' dir='ltr' id='par_1_9' title="bbox 199 2556 1167 2792">
     <span class='ocr_line' id='line_1_26' title="bbox 201 2556 1167 2641; baseline 0.008 -26"><span class='ocrx_word' id='word_1_191' title='bbox 201 2572 306 2616; x_wconf 90' lang='lat' dir='ltr'><strong>eorum</strong></span> <span class='ocrx_word' id='word_1_192' title='bbox 321 2556 358 2616; x_wconf 91' lang='lat' dir='ltr'><strong>sit</strong></span> <span class='ocrx_word' id='word_1_193' title='bbox 370 2557 470 2636; x_wconf 90' lang='lat' dir='ltr'><strong>potihs</strong></span> <span class='ocrx_word' id='word_1_194' title='bbox 492 2558 673 2638; x_wconf 80' lang='lat' dir='ltr'><strong>pauperibus</strong></span> <span class='ocrx_word' id='word_1_195' title='bbox 691 2558 926 2638; x_wconf 89' lang='lat' dir='ltr'><strong>impendendum</strong></span> <span class='ocrx_word' id='word_1_196' title='bbox 941 2562 1034 2641; x_wconf 77' lang='lat' dir='ltr'><strong>quam</strong></span> <span class='ocrx_word' id='word_1_197' title='bbox 1048 2561 1080 2621; x_wconf 95' lang='lat' dir='ltr'><strong>in</strong></span> <span class='ocrx_word' id='word_1_198' title='bbox 1095 2561 1167 2623; x_wconf 85' lang='lat' dir='ltr'><strong>elios</strong></span> 
     </span>
     <span class='ocr_line' id='line_1_27' title="bbox 199 2641 1167 2730; baseline 0.009 -28"><span class='ocrx_word' id='word_1_199' title='bbox 199 2641 267 2722; x_wconf 88' lang='lat' dir='ltr'><strong>pios</strong></span> <span class='ocrx_word' id='word_1_200' title='bbox 282 2643 382 2705; x_wconf 74' lang='lat' dir='ltr'><strong>usus?</strong></span> <span class='ocrx_word' id='word_1_201' title='bbox 396 2644 510 2707; x_wconf 86' lang='lat' dir='ltr'><strong>-Vide</strong></span> <span class='ocrx_word' id='word_1_202' title='bbox 526 2645 557 2706; x_wconf 96' lang='lat' dir='ltr'><strong>in</strong></span> <span class='ocrx_word' id='word_1_203' title='bbox 576 2646 726 2717; x_wconf 77' lang='lat' dir='ltr'><strong>Marruuii,</strong></span> <span class='ocrx_word' id='word_1_204' title='bbox 740 2651 774 2708; x_wconf 83' lang='lat' dir='ltr'><strong>n⁰</strong></span> <span class='ocrx_word' id='word_1_205' title='bbox 789 2651 883 2724; x_wconf 74' lang='lat'><strong>5437,</strong></span> <span class='ocrx_word' id='word_1_206' title='bbox 904 2655 975 2726; x_wconf 83' lang='lat' dir='ltr'><strong>etc,</strong></span> <span class='ocrx_word' id='word_1_207' title='bbox 997 2651 1167 2730; x_wconf 87' lang='lat' dir='ltr'><strong>responsio·</strong></span> 
     </span>
     <span class='ocr_line' id='line_1_28' title="bbox 202 2747 285 2792; baseline 0 -2"><span class='ocrx_word' id='word_1_208' title='bbox 202 2747 285 2792; x_wconf 89' lang='lat' dir='ltr'><strong>nem.</strong></span> 
     </span>
    </p>

    <p class='ocr_par' dir='ltr' id='par_1_10' title="bbox 199 2817 1267 3254">
     <span class='ocr_line' id='line_1_29' title="bbox 240 2817 1165 2908; baseline 0.01 -26"><span class='ocrx_word' id='word_1_209' title='bbox 240 2817 329 2882; x_wconf 87' lang='lat' dir='ltr'><strong>Noto.</strong></span> <span class='ocrx_word' id='word_1_210' title='bbox 353 2820 461 2883; x_wconf 88' lang='lat' dir='ltr'><strong>Verihs</strong></span> <span class='ocrx_word' id='word_1_211' title='bbox 474 2821 561 2885; x_wconf 91' lang='lat' dir='ltr'><strong>docet</strong></span> <span class='ocrx_word' id='word_1_212' title='bbox 575 2824 606 2887; x_wconf 90' lang='lat' dir='ltr'><strong>S.</strong></span> <span class='ocrx_word' id='word_1_213' title='bbox 622 2823 751 2888; x_wconf 86' lang='lat' dir='ltr'><strong>Thomas</strong></span> <span class='ocrx_word' id='word_1_214' title='bbox 763 2826 913 2906; x_wconf 78' lang='lat' dir='ltr'><strong>superflua</strong></span> <span class='ocrx_word' id='word_1_215' title='bbox 926 2845 1013 2908; x_wconf 90' lang='lat' dir='ltr'><strong>posse</strong></span> <span class='ocrx_word' id='word_1_216' title='bbox 1024 2831 1165 2891; x_wconf 86' lang='lat' dir='ltr'><strong>reservari</strong></span> 
     </span>
     <span class='ocr_line' id='line_1_30' title="bbox 199 2906 1267 2996; baseline 0.013 -28"><span class='ocrx_word' id='word_1_217' title='bbox 199 2906 232 2969; x_wconf 93' lang='lat' dir='ltr'><strong>in</strong></span> <span class='ocrx_word' id='word_1_218' title='bbox 245 2907 382 2972; x_wconf 85' lang='lat' dir='ltr'><strong>futurum</strong></span> <span class='ocrx_word' id='word_1_219' title='bbox 395 2909 431 2972; x_wconf 89' lang='lat' dir='ltr'><strong>ad</strong></span> <span class='ocrx_word' id='word_1_220' title='bbox 451 2911 516 2991; x_wconf 93' lang='lat' dir='ltr'><strong>pios</strong></span> <span class='ocrx_word' id='word_1_221' title='bbox 534 2930 608 2975; x_wconf 89' lang='lat' dir='ltr'><strong>usus</strong></span> <span class='ocrx_word' id='word_1_222' title='bbox 621 2917 662 2991; x_wconf 68' lang='grc' dir='ltr'><strong>θ,</strong></span> <span class='ocrx_word' id='word_1_223' title='bbox 678 2917 755 2996; x_wconf 61' lang='grc' dir='ltr'><strong>Μ.</strong></span> <span class='ocrx_word' id='word_1_224' title='bbox 773 2919 840 2988; x_wconf 84' lang='lat' dir='ltr'><strong>l85,</strong></span> <span class='ocrx_word' id='word_1_225' title='bbox 855 2921 909 2978; x_wconf 83' lang='lat' dir='ltr'><strong>art</strong></span> <span class='ocrx_word' id='word_1_226' title='bbox 923 2921 954 2992; x_wconf 82' lang='lat' dir='ltr'><strong>t,</strong></span> <span class='ocrx_word' id='word_1_227' title='bbox 967 2915 1005 2978; x_wconf 87' lang='lat' dir='ltr'><strong>ad</strong></span> <span class='ocrx_word' id='word_1_228' title='bbox 1018 2919 1049 2994; x_wconf 78' lang='lat' dir='ltr'><strong>l)</strong></span> <span class='ocrx_word' id='word_1_229' title='bbox 1064 2934 1072 2977; x_wconf 75' lang='grc' dir='ltr'><strong>ε</strong></span> <span class='ocrx_word' id='word_1_230' title='bbox 1091 2917 1166 2981; x_wconf 84' lang='lat' dir='ltr'><strong>heae</strong></span> <span class='ocrx_word' id='word_1_231' title='bbox 1266 2987 1267 2994; x_wconf 9' lang='grc' dir='ltr'>χ</span> 
     </span>
     <span class='ocr_line' id='line_1_31' title="bbox 201 2997 1267 3082; baseline 0.008 -24"><span class='ocrx_word' id='word_1_232' title='bbox 201 3000 303 3059; x_wconf 86' lang='lat' dir='ltr'><strong>tamen</strong></span> <span class='ocrx_word' id='word_1_233' title='bbox 324 2997 449 3060; x_wconf 86' lang='lat' dir='ltr'><strong>advertit</strong></span> <span class='ocrx_word' id='word_1_234' title='bbox 471 3001 637 3062; x_wconf 87' lang='lat' dir='ltr'><strong>Holzmann</strong></span> <span class='ocrx_word' id='word_1_235' title='bbox 658 3001 741 3082; x_wconf 86' lang='lat' dir='ltr'><strong>qubd</strong></span> <span class='ocrx_word' id='word_1_236' title='bbox 764 3003 794 3064; x_wconf 90' lang='lat' dir='ltr'><strong>in</strong></span> <span class='ocrx_word' id='word_1_237' title='bbox 812 3022 849 3066; x_wconf 93' lang='lat' dir='ltr'><strong>eo</strong></span> <span class='ocrx_word' id='word_1_238' title='bbox 867 3005 1049 3067; x_wconf 87' lang='lat' dir='ltr'><strong>casucaveri</strong></span> <span class='ocrx_word' id='word_1_239' title='bbox 1062 3003 1166 3068; x_wconf 90' lang='lat' dir='ltr'><strong>debeat</strong></span> <span class='ocrx_word' id='word_1_240' title='bbox 1266 3019 1267 3026; x_wconf 53' lang='lat'>¹</span> 
     </span>
     <span class='ocr_line' id='line_1_32' title="bbox 201 3085 1166 3174; baseline 0.012 -29"><span class='ocrx_word' id='word_1_241' title='bbox 201 3102 257 3159; x_wconf 92' lang='lat' dir='ltr'><strong>ne,</strong></span> <span class='ocrx_word' id='word_1_242' title='bbox 274 3091 371 3148; x_wconf 86' lang='lat' dir='ltr'><strong>morte</strong></span> <span class='ocrx_word' id='word_1_243' title='bbox 384 3085 575 3163; x_wconf 89' lang='lat' dir='ltr'><strong>adveniente,</strong></span> <span class='ocrx_word' id='word_1_244' title='bbox 589 3089 663 3150; x_wconf 89' lang='lat' dir='ltr'><strong>tales</strong></span> <span class='ocrx_word' id='word_1_245' title='bbox 677 3090 809 3154; x_wconf 88' lang='lat' dir='ltr'><strong>redditus</strong></span> <span class='ocrx_word' id='word_1_246' title='bbox 820 3094 837 3154; x_wconf 79' lang='lat' dir='ltr'><strong>h</strong></span> <span class='ocrx_word' id='word_1_247' title='bbox 850 3092 1085 3174; x_wconf 83' lang='lat' dir='ltr'><strong>consanguineis</strong></span> <span class='ocrx_word' id='word_1_248' title='bbox 1098 3094 1166 3157; x_wconf 88' lang='lat' dir='ltr'><strong>diri·</strong></span> 
     </span>
     <span class='ocr_line' id='line_1_33' title="bbox 201 3173 332 3254; baseline -0.008 -20"><span class='ocrx_word' id='word_1_249' title='bbox 201 3173 332 3254; x_wconf 89' lang='lat' dir='ltr'><strong>piantur.</strong></span> 
     </span>
    </p>

    <p class='ocr_par' dir='ltr' id='par_1_11' title="bbox 167 3259 1266 3702">
     <span class='ocr_line' id='line_1_34' title="bbox 241 3259 1266 3354; baseline 0.017 -33"><span class='ocrx_word' id='word_1_250' title='bbox 241 3259 390 3340; x_wconf 82' lang='lat' dir='ltr'><strong>Quidquid</strong></span> <span class='ocrx_word' id='word_1_251' title='bbox 403 3261 503 3324; x_wconf 89' lang='lat' dir='ltr'><strong>dicant</strong></span> <span class='ocrx_word' id='word_1_252' title='bbox 518 3265 654 3328; x_wconf 92' lang='lat' dir='ltr'><strong>nonnulli</strong></span> <span class='ocrx_word' id='word_1_253' title='bbox 664 3273 779 3331; x_wconf 90' lang='lat' dir='ltr'><strong>certum</strong></span> <span class='ocrx_word' id='word_1_254' title='bbox 790 3269 1067 3334; x_wconf 87' lang='lat' dir='ltr'><strong>estbenellcierium</strong></span> <span class='ocrx_word' id='word_1_255' title='bbox 1079 3290 1166 3354; x_wconf 67' lang='lat' dir='ltr'><strong>pomo</strong></span> <span class='ocrx_word' id='word_1_256' title='bbox 1265 3335 1266 3338; x_wconf 74' lang='grc'>,</span> 
     </span>
     <span class='ocr_line' id='line_1_35' title="bbox 198 3353 1166 3434; baseline 0.011 -24"><span class='ocrx_word' id='word_1_257' title='bbox 198 3366 234 3410; x_wconf 89' lang='lat' dir='ltr'><strong>se</strong></span> <span class='ocrx_word' id='word_1_258' title='bbox 256 3356 421 3414; x_wconf 88' lang='lat' dir='ltr'><strong>sustentare</strong></span> <span class='ocrx_word' id='word_1_259' title='bbox 444 3368 481 3412; x_wconf 89' lang='lat' dir='ltr'><strong>ex</strong></span> <span class='ocrx_word' id='word_1_260' title='bbox 509 3353 673 3417; x_wconf 88' lang='lat' dir='ltr'><strong>redditibus</strong></span> <span class='ocrx_word' id='word_1_261' title='bbox 700 3358 928 3434; x_wconf 86' lang='lat' dir='ltr'><strong>ecclesiasticis,</strong></span> <span class='ocrx_word' id='word_1_262' title='bbox 956 3360 1011 3420; x_wconf 89' lang='lat' dir='ltr'><strong>etsi</strong></span> <span class='ocrx_word' id='word_1_263' title='bbox 1043 3359 1166 3424; x_wconf 87' lang='lat' dir='ltr'><strong>haberet</strong></span> 
     </span>
     <span class='ocr_line' id='line_1_36' title="bbox 200 3435 1164 3528; baseline 0.017 -32"><span class='ocrx_word' id='word_1_264' title='bbox 200 3435 282 3496; x_wconf 87' lang='lat' dir='ltr'><strong>unde</strong></span> <span class='ocrx_word' id='word_1_265' title='bbox 294 3454 330 3498; x_wconf 86' lang='lat' dir='ltr'><strong>ex</strong></span> <span class='ocrx_word' id='word_1_266' title='bbox 344 3438 406 3499; x_wconf 91' lang='lat' dir='ltr'><strong>suis</strong></span> <span class='ocrx_word' id='word_1_267' title='bbox 427 3439 527 3502; x_wconf 89' lang='lat' dir='ltr'><strong>vivere</strong></span> <span class='ocrx_word' id='word_1_268' title='bbox 547 3451 647 3523; x_wconf 90' lang='lat' dir='ltr'><strong>posset</strong></span> <span class='ocrx_word' id='word_1_269' title='bbox 664 3461 673 3504; x_wconf 77' lang='lat' dir='ltr'><strong>t</strong></span> <span class='ocrx_word' id='word_1_270' title='bbox 697 3446 798 3518; x_wconf 74' lang='lat' dir='ltr'><strong>«Quis</strong></span> <span class='ocrx_word' id='word_1_271' title='bbox 809 3446 913 3525; x_wconf 86' lang='lat' dir='ltr'><strong>(enim,</strong></span> <span class='ocrx_word' id='word_1_272' title='bbox 930 3447 971 3509; x_wconf 87' lang='lat' dir='ltr'><strong>ait</strong></span> <span class='ocrx_word' id='word_1_273' title='bbox 985 3450 1164 3528; x_wconf 76' lang='lat' dir='ltr'><strong>Apostolus,</strong></span> 
     </span>
     <span class='ocr_line' id='line_1_37' title="bbox 206 3524 1265 3616; baseline 0.021 -35"><span class='ocrx_word' id='word_1_274' title='bbox 206 3543 221 3580; x_wconf 78' lang='lat' dir='ltr'><strong>a</strong></span> <span class='ocrx_word' id='word_1_275' title='bbox 243 3527 256 3584; x_wconf 93' lang='lat' dir='ltr'><strong>l</strong></span> <span class='ocrx_word' id='word_1_276' title='bbox 273 3524 464 3602; x_wconf 82' lang='lat' dir='ltr'><strong>Cor.,e.tl,v.</strong></span> <span class='ocrx_word' id='word_1_277' title='bbox 475 3533 505 3606; x_wconf 77' lang='lat' dir='ltr'><strong>‘lt</strong></span> <span class='ocrx_word' id='word_1_278' title='bbox 520 3531 625 3594; x_wconf 88' lang='lat' dir='ltr'><strong>militat</strong></span> <span class='ocrx_word' id='word_1_279' title='bbox 636 3533 698 3596; x_wconf 88' lang='lat' dir='ltr'><strong>suis</strong></span> <span class='ocrx_word' id='word_1_280' title='bbox 710 3535 864 3616; x_wconf 85' lang='lat' dir='ltr'><strong>stipendiis</strong></span> <span class='ocrx_word' id='word_1_281' title='bbox 875 3536 1055 3616; x_wconf 77' lang='lat' dir='ltr'><strong>unquamto</strong></span> <span class='ocrx_word' id='word_1_282' title='bbox 1072 3539 1166 3601; x_wconf 85' lang='lat' dir='ltr'><strong>Cano·</strong></span> <span class='ocrx_word' id='word_1_283' title='bbox 1264 3535 1265 3540; x_wconf 68' lang='grc'>’</span> 
     </span>
     <span class='ocr_line' id='line_1_38' title="bbox 167 3611 1165 3702; baseline 0.021 -32"><span class='ocrx_word' id='word_1_284' title='bbox 167 3683 170 3694; x_wconf 20' lang='grc' dir='ltr'><strong><em>Δ</em></strong></span> <span class='ocrx_word' id='word_1_285' title='bbox 202 3629 257 3672; x_wconf 88' lang='lat' dir='ltr'><strong>nes</strong></span> <span class='ocrx_word' id='word_1_286' title='bbox 275 3611 328 3674; x_wconf 80' lang='lat' dir='ltr'><strong>Ea·</strong></span> <span class='ocrx_word' id='word_1_287' title='bbox 341 3611 387 3674; x_wconf 81' lang='lat' dir='ltr'><strong>bis</strong></span> <span class='ocrx_word' id='word_1_288' title='bbox 409 3618 448 3677; x_wconf 57' lang='grc' dir='ltr'><strong>ἓξ</strong></span> <span class='ocrx_word' id='word_1_289' title='bbox 466 3621 498 3678; x_wconf 83' lang='lat' dir='ltr'><strong>st</strong></span> <span class='ocrx_word' id='word_1_290' title='bbox 515 3619 679 3702; x_wconf 77' lang='lat' dir='ltr'><strong>h&#39;pisoopus</strong></span> <span class='ocrx_word' id='word_1_291' title='bbox 689 3625 746 3700; x_wconf 75' lang='lat'><strong>2³,</strong></span> <span class='ocrx_word' id='word_1_292' title='bbox 761 3641 850 3687; x_wconf 88' lang='lat' dir='ltr'><strong>causa</strong></span> <span class='ocrx_word' id='word_1_293' title='bbox 864 3627 898 3685; x_wconf 70' lang='lat' dir='ltr'><strong>rt</strong></span> <span class='ocrx_word' id='word_1_294' title='bbox 912 3669 921 3700; x_wconf 95' lang='lat'><strong>,</strong></span> <span class='ocrx_word' id='word_1_295' title='bbox 936 3624 968 3685; x_wconf 94' lang='lat' dir='ltr'><strong>in</strong></span> <span class='ocrx_word' id='word_1_296' title='bbox 981 3626 1165 3690; x_wconf 87' lang='lat' dir='ltr'><strong>contrarium</strong></span> 
     </span>
    </p>
   </div>
   <div class='ocr_carea' id='block_1_9' title="bbox 174 3697 1264 3890">
    <p class='ocr_par' dir='ltr' id='par_1_12' title="bbox 174 3697 1264 3890">
     <span class='ocr_line' id='line_1_39' title="bbox 174 3697 1264 3796; baseline 0.017 -35"><span class='ocrx_word' id='word_1_297' title='bbox 174 3697 185 3720; x_wconf 84' lang='grc'><strong>’</strong></span> <span class='ocrx_word' id='word_1_298' title='bbox 203 3698 337 3780; x_wconf 85' lang='lat' dir='ltr'><strong>allegati,</strong></span> <span class='ocrx_word' id='word_1_299' title='bbox 352 3701 398 3764; x_wconf 91' lang='lat' dir='ltr'><strong>vel</strong></span> <span class='ocrx_word' id='word_1_300' title='bbox 416 3704 565 3769; x_wconf 87' lang='lat' dir='ltr'><strong>mitiorem</strong></span> <span class='ocrx_word' id='word_1_301' title='bbox 583 3712 859 3792; x_wconf 88' lang='lat' dir='ltr'><strong>interpretationem</strong></span> <span class='ocrx_word' id='word_1_302' title='bbox 879 3712 1015 3793; x_wconf 88' lang='lat' dir='ltr'><strong>accipere</strong></span> <span class='ocrx_word' id='word_1_303' title='bbox 1034 3713 1163 3796; x_wconf 89' lang='lat' dir='ltr'><strong>debent,</strong></span> <span class='ocrx_word' id='word_1_304' title='bbox 1263 3757 1264 3780; x_wconf 92' lang='lat' dir='ltr'><strong>t</strong></span> 
     </span>
     <span class='ocr_line' id='line_1_40' title="bbox 201 3787 855 3890; baseline 0.02 -40"><span class='ocrx_word' id='word_1_305' title='bbox 201 3787 246 3890; x_wconf 71' lang='lat' dir='ltr'><strong>uel</strong></span> <span class='ocrx_word' id='word_1_306' title='bbox 261 3806 399 3852; x_wconf 87' lang='lat' dir='ltr'><strong>successu</strong></span> <span class='ocrx_word' id='word_1_307' title='bbox 410 3797 554 3870; x_wconf 88' lang='lat' dir='ltr'><strong>temporis</strong></span> <span class='ocrx_word' id='word_1_308' title='bbox 565 3796 685 3860; x_wconf 88' lang='lat' dir='ltr'><strong>luerunt</strong></span> <span class='ocrx_word' id='word_1_309' title='bbox 697 3801 855 3863; x_wconf 80' lang='lat' dir='ltr'><strong>tinmntatt.</strong></span> 
     </span>
    </p>
   </div>
   <div class='ocr_carea' id='block_1_10' title="bbox 0 0 1300 4198">
    <p class='ocr_par' dir='ltr' id='par_1_13' title="bbox 0 0 1300 4198">
     <span class='ocr_line' id='line_1_41' title="bbox 0 0 1300 4198; baseline 0 0"><span class='ocrx_word' id='word_1_310' title='bbox 0 0 1300 4198; x_wconf 95' lang='lat' dir='ltr'><strong> </strong></span> 
     </span>
    </p>
   </div>
  </div>
 </body>
</html>
