2552 4204
236 262 293 324 tte
508 277 656 344 etiannum
682 277 760 323 nura
781 277 932 324 cannuca.

239 397 254 435 u
276 376 460 450 Ecclesiam,
478 383 602 458 propter
621 376 767 456 potiorem
791 376 1064 458 principalitatem,
1086 396 1210 442 necesse

240 485 255 524 r
275 473 319 528 est
334 484 458 528 omnem
472 467 635 528 conuenire
654 465 836 544 Ecclesiam,
858 466 916 529 hoc
930 473 975 528 est
997 468 1120 548 eosqui
1144 475 1211 530 sunt

239 553 411 634 «undique
435 553 569 617 fideles»)
597 555 641 637 (S.
666 557 818 633 lrenaeus‚
837 555 889 618 lib.
907 558 944 630 3,
968 564 1072 618 contra
1094 552 1219 627 turea:

235 659 301 722 cap.
317 645 347 715 3,
363 643 381 724 §
395 643 437 725 2).
455 643 513 707 Sed
527 643 708 707 schismatici
719 654 809 706 elram
825 660 1060 725 nuncupamur,
1073 645 1212 726 quamvis

235 745 325 792 sensu
340 733 442 794 minus
455 733 575 808 stricto,
592 733 645 814 qui
659 751 707 808 sc,
719 734 736 796 a
750 751 806 794 suo
820 733 943 814 proprio
958 732 1113 814 Episcopo
1128 752 1211 796 com-

234 818 412 882 munionem
426 839 498 884 eum
513 824 593 903 Papa
603 821 753 900 habente,
768 828 946 902 segregant,
968 821 997 884 ei
1017 821 1146 884 subesse
1158 821 1211 883 de-

234 911 404 973 trectantes.
417 910 448 973 Si
456 911 526 974 verb
534 911 699 993 peculiares
708 910 851 973 Ecclesiae
862 912 940 973 inter
950 927 982 972 se
992 909 1209 987 dissociantur,

233 997 314 1058 satra
329 999 443 1062 unitate
457 999 542 1075 tidei,
557 1005 588 1062 et
601 1000 818 1064 communione
830 1017 903 1062 cum
916 998 1096 1062 universalis
1110 999 1208 1062 Eccle

232 1083 285 1146 siaa
300 1087 420 1168 Capite,
436 1091 557 1170 proprie
572 1089 701 1152 schisma
721 1097 858 1152 nonest.
881 1087 933 1151 sed
949 1087 1050 1169 potius
1067 1088 1208 1152 volunta-

233 1177 298 1234 tum
314 1184 344 1238 et
357 1179 537 1260 opinionum
551 1179 710 1242 dissensio.

273 1263 411 1328 Schisma
434 1273 480 1330 est
494 1269 524 1330 l⁰
537 1269 582 1330 vet
604 1287 734 1345 putum,
759 1267 785 1330 si
807 1285 879 1330 cum
899 1265 982 1329 nuttt
1005 1267 1210 1348 conjungatur

231 1348 357 1431 haeresi,
378 1355 460 1436 quod
477 1357 526 1418 vix
540 1355 605 1419 fieri
620 1361 737 1440 potest,
753 1363 786 1418 ut
796 1357 861 1436 jam
879 1355 1030 1418 diximus:
1049 1357 1095 1432 si,
1123 1376 1152 1419 v.
1168 1377 1208 1438 g,

233 1457 362 1521 regnum
374 1445 420 1507 vel
439 1445 609 1528 provincia,
624 1445 827 1508 obedientiam
848 1445 936 1525 Papae
951 1451 1098 1524 tanquam
1116 1444 1208 1527 Capiti

232 1529 375 1596 Ecclesia
400 1553 553 1612 renuens,
578 1535 774 1598 constitueret
797 1533 855 1596 sibi
883 1532 1118 1613 Patriarcham‚
1147 1535 1209 1596 sine

232 1616 321 1701 Papae
330 1639 497 1702 consensu,
510 1626 648 1706 quamvis
657 1623 695 1686 de
704 1629 814 1686 caetero
826 1628 971 1704 papatum
980 1629 1008 1684 et
1019 1640 1132 1686 omnes
1142 1623 1207 1685 fidei

231 1712 376 1778 articulos
390 1713 535 1777 crederet.
552 1715 606 1776 Vel
616 1721 660 1778 est
672 1733 731 1776 non
741 1732 853 1796 purum
864 1757 874 1788 ,
887 1710 911 1772 si
922 1710 1130 1792 conjungatur
1140 1731 1207 1775 curn

231 1801 358 1868 naresi:
381 1825 408 1868 v.
431 1825 476 1885 g.,
494 1804 518 1866 si
540 1822 602 1866 non
622 1803 797 1866 admittatur
822 1800 971 1862 Primatus
988 1799 1207 1882 jurisdictionis

231 1894 263 1958 S.
280 1893 437 1957 Pontificis
448 1893 478 1956 in
493 1893 694 1956 universalem
705 1889 882 1954 Ecclesiam.
1033 1947 1036 1953 n

270 1987 302 2046 2·
324 1981 461 2044 Schisma
477 1989 523 2045 est
536 1983 628 2045 etiam
642 1983 690 2046 vel
702 1980 844 2064 speciale,
867 1977 912 2041 rat
935 1975 1106 2042 uniuersale
1119 2000 1130 2042 .·
1143 2001 1205 2064 spe·
1265 2011 1266 2093 p

231 2070 309 2134 ciale
321 2076 367 2132 est
379 2071 503 2154 quando
515 2071 623 2152 aliquis
637 2073 655 2134 a
669 2071 790 2154 propria
808 2067 960 2143 Ecclesid,
976 2086 1096 2149 suoque
1119 2071 1206 2151 Epis·

231 2177 309 2240 copo
331 2178 403 2222 cum
424 2160 597 2241 apostolica
623 2161 700 2223 Sede
723 2158 973 2224 communionem
997 2155 1149 2234 habente,
1176 2176 1205 2221 sa
1264 2173 1265 2237 t

231 2249 342 2330 injuste
356 2255 495 2329 separat,
510 2257 539 2311 et
551 2249 674 2312 subesse
687 2249 815 2312 omnind
829 2252 959 2310 recusat.
974 2244 1152 2310 Unr'oersule
1164 2260 1205 2308 est
1263 2303 1264 2314 ,

230 2336 354 2418 quando
367 2338 517 2416 Ecclesia,
531 2340 698 2420 Episcopus
707 2339 754 2401 vel
765 2337 860 2418 quivis
870 2334 969 2398 tidelis
981 2333 1202 2416 subjectionem
1263 2329 1264 2379 t

231 2431 262 2488 et
277 2425 482 2491 obedientiam
496 2427 635 2490 Romano
649 2426 786 2488 Pontifici
801 2424 941 2506 denegat.
1262 2469 1263 2523 ,

270 2519 340 2580 874.
362 2516 484 2590 Quaerit.
504 2518 649 2590 Quaenam
669 2515 729 2578 sint
750 2531 847 2597 poena
872 2519 976 2576 contra
995 2516 1203 2578 schismaticos

230 2603 318 2666 lataet
1261 2605 1262 2667 l

269 2697 359 2776 Resp.
372 2696 402 2758 Si
418 2715 478 2758 non
493 2695 553 2757 sint
563 2693 637 2776 pura·
645 2742 654 2770 ,
669 2693 791 2757 easdem
805 2710 910 2776 poenas
920 2691 1077 2754 incurrero
1091 2710 1129 2756 ao
1142 2693 1198 2756 hae·

230 2781 338 2846 reticos
350 2783 389 2847 de
407 2785 518 2866 quibus
532 2803 623 2866 supra
637 2783 780 2846 diximus.

268 2873 475 2956 siparium,
492 2882 653 2954 sequentes
674 2891 778 2954 poenas
792 2871 831 2932 ab
851 2871 924 2951 ipsis
941 2870 1078 2933 incurri:
1097 2874 1132 2935 {⁰
1143 2874 1197 2934 Ex·
1259 2923 1260 2955 ,

229 2962 536 3025 communicationem
552 2963 698 3040 majorem
716 2961 747 3024 S.
764 2959 903 3022 Pontitici
921 2969 1108 3023 reservatam
1122 2965 1195 3042 (cap.

227 3051 321 3116 Nulli
332 3053 381 3131 sos
393 3055 432 3125 5,
447 3052 517 3113 dist.
536 3055 589 3125 ta;
607 3068 672 3132 cap.
689 3048 851 3131 La'puridus
865 3052 922 3126 43,
938 3067 1030 3112 causa
1042 3053 1101 3126 23,
1121 3070 1152 3132 q.
1164 3053 1195 3122 5,
1258 3051 1259 3099 t

230 3138 315 3202 Bulla
327 3139 557 3220 Coenae,§l);u⁰
568 3138 830 3200 inhabilitatemad
842 3137 1197 3219 beneficicetDignitates

229 3227 458 3302 ecclesiasticas,
475 3228 640 3309 praesertim
655 3229 863 3309 Episcopalem
876 3227 958 3308 (cap.
976 3223 1055 3301 Quia
1069 3225 1195 3309 ditr'qen·
1257 3207 1258 3243 ¹

228 3316 271 3377 tic
286 3321 317 3393 5,
341 3315 377 3379 de
389 3317 484 3393 elect,
500 3326 528 3380 et
542 3337 608 3399 cap.
626 3323 655 3391 t,
673 3320 716 3380 tte
729 3317 954 3396 Sclisrnatieis,
971 3318 1002 3380 in
1017 3320 1061 3396 6⁰)
1069 3338 1079 3394 ;
1102 3329 1131 3382 et
1145 3319 1196 3380 hoo
1256 3327 1257 3387 t

229 3405 414 3487 probabilius
425 3407 526 3470 locum
535 3406 722 3469 habetetiarn
733 3413 800 3487 post
810 3413 961 3489 peractam
972 3408 1193 3489 poenitentiam
1255 3435 1256 3448 r

227 3496 260 3560 ³⁰
275 3495 471 3577 privationem
490 3495 707 3576 jurisdictionis
726 3496 957 3560 ecclesiastieae:
973 3514 1010 3558 ex
1034 3515 1097 3577 quo
1120 3495 1153 3559 fit
1166 3503 1193 3557 ut

228 3603 430 3666 quaecumque
444 3585 562 3647 collatio
574 3583 730 3660 beneficii,
746 3584 886 3647 alienatio
900 3602 1003 3647 rerum
1016 3581 1191 3648 ecclesiasti·
1253 3569 1255 3674 l

228 3692 349 3744 canunt,
367 3675 497 3738 uniones
517 3674 730 3750 ecclesiarum,
746 3675 895 3736 sententia
914 3678 945 3736 et
964 3672 1114 3735 absolutio
1126 3689 1189 3734 cen·

204 3807 206 3814 ι
229 3781 386 3840 aurarum,
400 3769 471 3838 etc,
495 3762 532 3824 ab
548 3763 618 3842 ipsis
635 3763 736 3834 tactae,
752 3762 816 3842 ipso
837 3763 905 3838 iura
928 3761 988 3824 sint
1008 3759 1099 3852 irritae
1119 3762 1187 3840 (cap-
