2618 4212
158 295 224 360 uto
443 310 597 358 nurunnrr
617 309 699 356 runis
715 309 867 355 oruonrcr.

158 427 347 509 trationabili
377 447 473 490 causa
501 446 534 489 se
573 426 634 488 lrac
660 442 755 506 poena
798 425 969 487 multatum
1007 433 1147 506 reputet,

158 529 325 582 §recurrere
368 517 483 598 poterit
516 516 557 579 ad
599 515 767 578 Summum
793 512 991 588 Pontificem,
1018 514 1151 577 interim

158 617 271 668 tamen
284 607 316 666 in
327 606 435 688 vigore
451 613 616 688 permanet
632 603 794 667 decretum
809 601 1029 684 suspensionis
1045 622 1151 686 usque

157 695 242 759 tdurn
257 693 378 776 abipso
395 693 553 774 pontifice,
577 693 625 754 vel
641 693 703 755 aS.
723 689 982 772 congregatione,
1008 711 1080 774 quae
1110 692 1151 755 dc

160 775 447 863 'recursujudicarc
462 781 568 858 debet,
584 799 648 845 non
670 779 944 844 lueritrescissurn
969 791 1024 844 aut
1049 782 1149 844 etiarn

162 872 374 934 moderatum.

204 960 291 1020 «13.
318 958 463 1022 Ceterunr
480 975 518 1020 ex
543 977 607 1040 quo
639 957 817 1021 istiusmodi
847 975 943 1039 poena
972 971 1018 1021 est
1047 977 1150 1021 reme·

163 1046 252 1110 diurn
280 1049 413 1112 ornnino
449 1047 750 1121 extraordinarium,
782 1047 868 1126 quod
902 1049 1078 1128 praesertim
1109 1050 1151 1109 ad

162 1137 374 1218 expiationem
386 1137 559 1200 criminum
575 1137 695 1216 absque
706 1134 814 1197 formis
821 1136 998 1216 judiciariis
1012 1136 1151 1199 adhibe-

163 1231 229 1301 tnr;
248 1244 310 1306 pree
324 1225 427 1288 oculis
440 1224 580 1286 habeant
603 1224 724 1303 praelati
739 1224 771 1285 id
795 1225 880 1304 quod
913 1224 1152 1305 sapientissime

158 1314 311 1376 admonet
333 1313 484 1376 Summus
512 1312 654 1375 Pontifex
671 1330 694 1374 s.
715 1329 756 1373 m.
781 1311 968 1374 Benedictus
1003 1313 1084 1386 xlv,
1114 1315 1148 1376 in

162 1420 220 1466 suo
233 1411 366 1465 tractatu
380 1401 419 1464 de
447 1401 575 1482 Synodo
600 1401 794 1477 Dioeoesana,
820 1401 902 1464 libro
919 1401 986 1478 Xll,
1012 1421 1084 1484 cap.
1115 1406 1150 1481 8,

158 1511 198 1554 n.
216 1489 245 1568 6,
263 1491 351 1574 quod
364 1491 517 1552 nimirum
534 1490 799 1571 reprehensibilis
813 1488 892 1552 foret
909 1491 1090 1572 episcopus,
1118 1491 1146 1553 si

161 1581 194 1643 in
211 1599 267 1642 sua
283 1580 404 1661 synodo
420 1579 604 1655 declararet,
628 1597 661 1640 se
691 1579 842 1660 deinceps
868 1597 906 1640 ox
926 1579 1049 1659 privata
1077 1591 1148 1642 tan-

160 1678 227 1732 turn
244 1668 373 1731 scientia
386 1685 460 1730 curn
475 1685 569 1749 prena
585 1667 802 1748 suspensionis
822 1687 839 1728 a
859 1667 976 1730 divinis
996 1669 1148 1732 animad-

160 1776 326 1820 versurum
350 1755 383 1818 in
393 1757 536 1830 clericos,
553 1774 632 1837 quos
647 1756 784 1836 graviter·
798 1755 969 1838 deliquisse
979 1775 1147 1840 compere-

157 1847 211 1921 rit,
228 1846 495 1926 quamviseorum
507 1844 659 1908 delicturn
675 1862 740 1906 non
754 1845 854 1926 possit
880 1846 911 1905 in
929 1843 997 1908 loro
1012 1854 1148 1909 externo

161 1936 390 1998 concludenter
398 1934 538 2016 probari,
554 1940 609 1996 aut
623 1933 704 1997 illud
719 1951 785 1996 non
797 1934 945 2015 expediat
955 1934 988 1996 in
1004 1936 1146 2000 aliorum

160 2025 482 2088 notitiarndeduccre.
759 2038 764 2046 ·

203 2163 218 2195 «
241 2139 344 2202 Romae
360 2158 396 2201 ex
414 2138 539 2202 aedibus
566 2135 597 2201 S.
627 2137 661 2201 G.
684 2137 724 2202 de
751 2137 957 2222 Propaganda
982 2139 1071 2219 Fide,
1093 2141 1148 2206 die

162 2225 201 2291 20
213 2229 351 2291 octobris
365 2227 452 2290 1884.
483 2251 498 2285 ι

607 2393 688 2457 Xlll.

95 2539 97 2543 ’
161 2555 505 2603 n1ncaaorusoon11u11
532 2555 602 2601 n1ru
629 2555 746 2602 nostros
773 2557 792 2602 n
817 2556 973 2603 rnorxssrs
1000 2559 1147 2612 voronuu

395 2680 566 2728 soruuuruu
584 2663 637 2746 (ad
653 2663 757 2747 Supp.
775 2684 806 2747 p.
822 2663 884 2746 li).

198 2818 379 2900 Aliquando
394 2818 532 2881 Ecclesia
555 2818 665 2882 debuit
684 2838 737 2884 eos
753 2820 927 2900 Religiosos
944 2824 1007 2885 voti
1026 2826 1145 2893 solem-

158 2909 209 2972 nis
226 2907 264 2970 ad
281 2918 369 2971 actus
381 2907 515 2971 donrinii
530 2907 670 2972 edendos
693 2911 880 2974 omnimodo
900 2910 1085 2992 habilitare,
1105 2939 1147 2985 ne

158 2999 334 3079 proprietas
358 2997 621 3062 llonasteriorurn
648 2999 729 3080 (quae
753 2999 786 3062 in
820 2998 982 3081 aliquibus
1000 3005 1145 3085 regioni-

158 3085 218 3148 bus
244 3087 407 3167 incapacia
436 3086 596 3150 habentur
621 3088 663 3151 ad
689 3087 932 3171 possidendum)
959 3091 1089 3156 caderet
1109 3097 1144 3159 in

159 3193 273 3237 manus
286 3173 455 3248 Gubernii;
472 3183 565 3256 prout
579 3195 618 3238 ax
633 3178 778 3258 sequenti
789 3176 982 3259 responsoS.
1002 3180 1145 3258 Congre-

157 3265 293 3344 gationis
306 3283 364 3346 pro
378 3263 514 3346 Negotiis
530 3265 751 3330 ecclesiasticis
767 3265 1029 3332 extraordinariis
1052 3291 1144 3338 cons·

158 3360 202 3414 tat
217 3373 253 3414 :a
276 3354 327 3416 die
342 3353 378 3415 31
384 3355 455 3434 Julii
477 3353 555 3417 1878
576 3355 792 3420 exaudientia
819 3355 901 3420 SSffl.
924 3390 964 3404 -
986 3357 1144 3427 Eminen-

160 3467 174 3501 α
198 3442 337 3505 tissimus
350 3461 386 3505 ac
400 3443 692 3508 Reverendissimus
710 3445 861 3509 Dominus
876 3445 1052 3512 Cardinalis
1066 3451 1143 3517 Vic-

160 3554 176 3593 ι
197 3540 245 3594 tor
259 3527 419 3611 Augustus
428 3533 598 3606 lsiodorus,
615 3535 882 3618 Archiepiscopus
904 3534 1143 3608 lleclrliniensis

158 3636 357 3682 «unacum
389 3620 454 3684 suis
482 3619 697 3702 suffraganeis
726 3642 742 3687 a
768 3623 975 3689 Sanctissimo
1003 3627 1142 3698 Domino

159 3731 173 3764 a
196 3707 309 3770 Nostro
328 3709 581 3788 expostularunt,
609 3721 644 3774 ut
657 3713 697 3776 ad
715 3713 909 3779 removenda
928 3733 1142 3804 quaecumque
