2590 4208
429 360 432 364 .
489 317 573 362 amun
593 317 727 363 rannus.
852 329 854 334 ·
1056 295 1096 351 85

126 433 414 503 Constitutionibus
433 433 558 499 Ordinis
575 433 834 504 determinatam
855 430 887 491 6⁰
906 427 1017 490 Decem
1033 422 1103 485 dies

128 523 370 603 sumrettgioso,
386 541 443 604 pro
455 523 665 606 appellatione
677 522 716 584 ad
729 520 876 582 Sanctam
884 516 1008 587 sedem,
1026 529 1101 575 con-

129 611 261 676 cedendi
271 631 280 688 ;
290 616 324 673 7⁰
339 612 544 694 Expulsionis
555 601 1105 682 sententiarconsentiredebetSupe·

133 701 200 764 rior
209 698 381 774 Generalis,
391 708 423 762 et
437 700 566 782 abipso,
576 701 626 763 vel
640 695 848 763 aProvinoiali
858 693 919 757 loci
934 691 1104 756 Ordinario

136 797 183 853 est
190 787 406 869 significanda.
423 789 513 852 ltaeu
523 789 636 852 decret.
651 787 770 853 Urbani
784 784 850 847 Vlll
866 791 896 846 et
911 783 1018 844 lnnno.
1035 778 1090 840 Xll

149 925 153 932 .
176 879 265 941 tore.
289 876 380 940 Juxta
397 877 558 942 Urbanum
574 877 653 952 vill,
668 875 849 940 solemniter
861 869 992 953 professi
1004 867 1103 946 ejecti:

138 970 170 1033 1⁰
184 965 325 1046 quamdiu
338 985 396 1026 nou
411 967 555 1031 redierint
568 967 609 1028 ad
616 967 801 1048 religionem,
816 965 848 1024 in
857 961 959 1024 babitu
972 955 1113 1020 clarente

137 1052 272 1116 incedere
285 1051 395 1126 debent,
413 1055 472 1116 uisi
486 1055 518 1116 iu
533 1056 594 1118 hoc
610 1074 627 1117 a
642 1055 754 1118 Sancta
763 1052 842 1116 Sede
856 1047 1027 1132 dispensati
1043 1043 1106 1106 lue·

136 1145 223 1217 riui,
254 1143 363 1205 saltem
388 1143 413 1205 si
431 1143 606 1207 'ordinibus
634 1143 813 1206 minoribus
837 1140 954 1204 luerint
981 1135 1107 1209 initiati,

139 1247 225 1312 utque
237 1227 396 1294 Ordiuorir'
410 1231 468 1292 loci
475 1231 690 1312 jurisdictioni
703 1241 730 1294 et
744 1229 916 1293 obedientiae
928 1227 1047 1289 subesse.

182 1316 216 1380 2⁰
237 1317 365 1382 blanent
386 1321 528 1402 suspensi
545 1321 585 1384 ab
599 1323 687 1384 omni
709 1319 856 1384 exercitio
875 1315 1112 1388 ordinemne:

127 1405 276 1491 ‘possunt
288 1408 477 1471 concinnare
492 1417 546 1472 aut
561 1410 682 1474 docere.
821 1466 824 1472 .
1173 1453 1177 1460 .

182 1501 217 1560 3ο
239 1496 294 1560 Jus
312 1515 376 1560 non
393 1497 514 1562 babent
530 1507 566 1562 ut
579 1501 670 1562 sibia
694 1499 846 1580 religione
866 1497 1013 1560 alimenta
1037 1512 1114 1573 sup·
1209 1501 1212 1507 “

147 1585 340 1669 peditentur‚
363 1586 423 1648 nisi
448 1588 563 1670 injuste
590 1587 722 1653 luissent
750 1587 872 1670 expulsi
898 1605 906 1648 ε
934 1585 988 1646 lite
1007 1591 1115 1644 tamen

144 1673 312 1758 pendente,
330 1675 479 1739 alimenta
495 1678 569 1758 ipsis
584 1686 658 1740 sunt
673 1678 858 1760 praestanda.
925 1712 928 1719 ·

183 1762 219 1826 4⁰
240 1763 287 1826 Ad
305 1765 481 1828 essentialia
503 1775 651 1830 votorum
669 1768 839 1830 tenentur*
858 1783 866 1827 ε
892 1759 1025 1845 proinde
1042 1776 1115 1820 cas-

145 1853 268 1916 titatem
277 1870 403 1916 serrare
416 1853 552 1932 debent3
567 1857 732 1940 incapaces
743 1857 820 1919 'sunt
833 1851 979 1922 dominii,
991 1867 1049 1910 nee
1059 1856 1116 1909 tes-

144 1941 205 2004 tari
220 1940 338 2004 valent.
348 1942 646 2026 Propterpraesentis
656 1965 766 2011 eorum
777 1951 875 2008 status
885 1939 1117 2012 necessitatem,

145 2030 239 2114 plura
255 2027 356 2094 facere
369 2043 502 2114 possunt
515 2053 612 2114 quam
626 2055 690 2098 non
707 2035 808 2098 solent
822 2033 982 2113 regulares
1001 2028 1032 2089 in
1047 2043 1117 2089 con·

145 2129 243 2184 ventu
257 2130 421 2184 manentes
442 2141 450 2184 ε
478 2123 597 2186 babent
617 2126 702 2188 enim
717 2143 811 2188 usum
826 2130 857 2186 et
871 2115 1117 2184 administratio-

148 2228 223 2273 nem
243 2209 486 2291 temporalium3
510 2231 630 2290 emere,
656 2216 802 2290 vendere,
828 2213 947 2276 donare
973 2210 1118 2291 possunt,

148 2307 244 2381 prout
259 2298 354 2380 exigit
367 2317 477 2363 eorum
488 2302 628 2367 conditio
641 2325 649 2382 ;
666 2303 795 2368 sednon
812 2311 943 2386 possunt
953 2298 1054 2360 lacere
1065 2313 1118 2358 ex·

148 2406 263 2472 pensas
277 2406 408 2468 magnas
422 2391 598 2476 superlluas
611 2412 670 2457 neo
682 2395 870 2458 donationes
884 2408 989 2453 rerum
1014 2384 1120 2464 magni

149 2476 242 2561 pretii
252 2497 262 2554 ;
288 2476 329 2540 ab
344 2476 470 2560 illisque
489 2482 677 2561 accipientes
698 2484 735 2546 ad
761 2481 990 2547 restitutionem
1008 2487 1117 2538 tenen-

151 2577 224 2643 tur3
242 2565 323 2629 bona
337 2565 377 2628 ab
392 2567 467 2649 ipsis
480 2571 631 2651 acquisita
646 2581 733 2636 extra
748 2575 886 2638 claustra
902 2568 940 2632 ad
957 2566 1118 2628 Camenam

151 2655 364 2738 Apostolioam
393 2656 562 2736 pertinent.
593 2694 632 2708 -
669 2661 746 2726 ltem
773 2661 877 2744 quoad
906 2652 1119 2721 obedientiam

152 2743 246 2827 plura
261 2742 380 2824 absque
396 2744 519 2808 licentia
541 2745 640 2812 iacere
654 2760 787 2832 possunt
801 2750 911 2832 ejecti,
928 2751 1022 2828 prout
1037 2757 1121 2823 prae-

154 2850 226 2896 sens
240 2832 368 2894 illorum
383 2833 523 2897 conditio
538 2837 653 2918 exigit,
680 2842 754 2922 quia
766 2848 777 2918 ‚'
799 2841 875 2922 ipsis
889 2838 963 2900 data
977 2838 1121 2895 censetur

155 2923 195 2986 ad
217 2923 278 2984 boc
291 2923 446 3002 generalis
468 2924 610 2990 facultas,
636 2930 773 3011 Electus,
794 2931 835 2993 ait
854 2931 885 2996 S.
911 2927 1050 3008 lignun,
1073 2937 1138 3000 aa·

156 3039 170 3078 a
196 3011 760 3100 monasteriiobservantiisetregulis,
772 3019 985 3102 utajeJuniis‚
996 3013 1121 3096 vigiliis,

157 3130 171 3165 a
196 3103 319 3168 delectu
334 3100 478 3164 ciborum
492 3113 522 3164 et
537 3107 694 3172 similibus
709 3110 789 3173 liber
803 3118 888 3174 est...
903 3129 912 3184 ;
927 3126 986 3170 nec
1001 3111 1127 3168 tenetur

158 3219 172 3254 o
198 3193 235 3258 ad
249 3193 392 3256 divinum
408 3195 566 3273 officium,
583 3198 641 3261 nisi
658 3200 696 3261 sit
711 3201 743 3262 in
758 3201 891 3262 saeris...
910 3197 995 3259 ldem
1010 3195 1126 3258 dicitur

158 3305 173 3344 o
198 3283 237 3347 de
251 3282 402 3346 damnato
416 3284 628 3366 ad'triremes3
642 3287 763 3352 idem...
778 3288 817 3351 de
831 3295 984 3370 perpetuo
994 3285 1128 3364 degente

158 3394 174 3433 ι
197 3389 272 3436 cum
285 3371 408 3435 licentia
426 3382 511 3436 extra
526 3378 753 3440 monasterium
769 3377 837 3459 (sed
852 3373 1050 3459 probabilius
1066 3375 1127 3437 hoo

191 3657 215 3708 l.
232 3653 380 3707 scholastici
390 3654 415 3703 in
430 3654 548 3705 societate
566 3658 590 3706 al
601 3653 642 3706 alti
662 3669 712 3706 non
728 3652 872 3706 solemniter
889 3653 1001 3720 professi,
1021 3651 1119 3702 liberie

161 3726 254 3794 absquo
270 3724 387 3788 religioso
402 3723 501 3775 vincula
513 3724 678 3777 dimittuntur.
696 3725 812 3792 idemque
824 3725 897 3776 bodio
909 3731 946 3776 est
961 3722 1132 3775 dicendumne

157 3797 366 3850 uteriniromu
380 3793 553 3859 religionibus,
564 3803 621 3861 post
634 3797 761 3850 domatum
774 3796 844 3847 1857.
857 3795 915 3847 licto
929 3809 1002 3861 supra
1014 3793 1093 3856 (ibit.
