2574 4198
459 331 547 378 arana
567 329 727 378 secururs.
921 364 924 368 -
1021 325 1079 386 631

100 453 132 510 et
144 446 224 508 abet
231 449 415 506 excusantur
430 445 599 505 alienantes
617 452 647 504 et
658 451 857 524 cooperantes
866 465 901 508 ex
914 449 1083 528 ignorantia

100 535 177 616 juris
194 533 242 594 vel
255 533 338 605 iacti,
357 532 530 594 dummodo
548 535 718 606 ignorantia
736 553 796 595 non
813 537 850 595 sit
864 554 963 597 crassa
977 543 1007 599 et
1028 556 1083 598 su·

102 624 187 704 pina,
200 629 233 685 ut
246 621 390 702 expresse
404 621 531 683 babetur
551 641 617 700 cap.
636 621 676 683 Ut
690 623 869 696 animorum,
883 625 927 686 De
940 625 1081 700 consue..

102 711 134 778 in
155 717 206 782 6⁰;
228 712 302 772 item
321 711 488 771 alienantes
509 711 624 791 absque
643 710 752 772 debitis
767 712 1006 776 solemnitatibus
1029 715 1083 794 qui

101 799 320 860 alienationem
332 807 548 863 revocaverunt
563 809 631 861 ante
646 800 756 861 realem
771 810 799 862 et
813 799 971 882 pacificam
984 804 1081 863 tradi-

104 889 217 950 tionem
236 887 316 968 (oap.
334 887 448 967 Siquis
459 887 589 968 presbyt.
609 889 701 950 modo
716 887 826 968 citat).
839 891 910 950 Haec
924 907 1014 969 poena
1027 891 1083 953 fuit

103 977 246 1038 innovata
260 975 298 1036 ab
309 976 432 1039 Urbano
446 976 524 1050 Vlll‚
547 983 577 1036 et
591 985 714 1038 extensa
729 977 785 1039 fuit
806 977 842 1038 ad
859 979 1013 1059 regulares
1028 980 1081 1056 qui

102 1067 186 1127 anea
196 1083 232 1125 ex
240 1064 652 1144 privilegioimmunesantea
660 1075 755 1128 erant.
768 1069 801 1128 V.
810 1069 899 1130 etiam
908 1069 940 1129 G.
949 1068 996 1147 rip
1010 1066 1080 1132 Sed.

143 1153 288 1214 Secunda
302 1171 391 1232 poena
405 1162 450 1214 est
464 1153 546 1233 quod
561 1155 702 1234 Episcopi
718 1156 763 1217 vel
780 1156 909 1217 Abbates
921 1157 999 1217 male
1012 1157 1083 1218 alie-

103 1251 213 1302 nantes
225 1240 399 1321 subjaceant
413 1241 572 1304 interdicto
582 1244 619 1302 ab
630 1245 767 1323 ingressu
777 1243 925 1319 ecclesia,
937 1253 977 1319 et,
992 1247 1015 1306 si
1028 1264 1082 1326 per

103 1349 156 1391 sex
170 1347 293 1390 menses
313 1328 405 1391 talem
429 1349 552 1410 poenam
572 1334 792 1394 contumaciter
811 1335 1024 1406 sustinuerint,
1041 1337 1081 1397 ab

103 1417 364 1479 administratione
376 1419 512 1481 beneticii
528 1421 571 1481 vel
589 1422 736 1499 Dignitate
749 1423 807 1484 sint
823 1424 982 1502 suspensi3
1006 1423 1054 1484 inf
1069 1457 1081 1470 -

105 1508 202 1568 riores
227 1513 330 1567 autern
347 1507 462 1568 Praelati
478 1511 725 1570 commendatarii
750 1517 802 1572 aut
817 1511 866 1572 alii
881 1512 1080 1573 eeclesiarum

106 1601 251 1671 nestorea,
278 1594 436 1656 beneficiis
450 1615 580 1676 quorum
603 1597 683 1659 bona
705 1599 784 1660 rnale
806 1599 1001 1660 alienaverint
1020 1601 1081 1662 sint

106 1683 174 1762 ipso
195 1682 274 1744 faulo
289 1684 406 1762 privati.
423 1685 626 1761 Suppressum
645 1697 690 1746 est
704 1686 812 1747 interd.
829 1689 862 1748 G.
879 1689 939 1761 Ap.
958 1687 1025 1749 Sed.

178 1769 310 1836 advertit
331 1770 461 1836 uertens
484 1788 555 1830 cum
578 1771 735 1832 communi
759 1771 820 1829 DD.
845 1767 927 1846 quod
951 1762 1072 1844 praefata
1164 1791 1168 1800 ¹

100 1883 116 1920 e
138 1860 226 1922 Bulla
240 1857 335 1937 (Pauli
356 1860 407 1938 ll),
426 1857 526 1938 quoad
545 1857 598 1918 has
622 1875 737 1938 poenas,
762 1857 866 1936 paucis
884 1855 915 1915 in
935 1866 1008 1915 locis
1028 1857 1073 1913 est

100 1972 117 2010 u
136 1955 278 2028 recepta3
295 1952 325 2009 et
338 1945 438 2028 quoad
451 1947 679 2027 obligationem,
695 1945 876 2007 attendenda
889 1949 934 2006 est
947 1959 1072 2005 consue·

101 2061 117 2098 r
136 2037 213 2100 tudo
226 2038 423 2113 locorum...;
440 2037 470 2097 in
485 2037 574 2098 citata
588 2035 748 2098 aeteae...
763 2035 871 2096 dicitur
881 2051 1072 2116 praesumpse-

102 2129 203 2202 crit,
231 2126 313 2189 unde
338 2131 520 2187 excusantur
541 2126 580 2186 ab
602 2125 649 2187 his
672 2126 768 2206 poeuis
791 2143 841 2186 eas
861 2121 1073 2185 invincibiliter

103 2240 117 2276 r
138 2218 352 2298 ignorantes»
371 2217 413 2293 (S.
430 2216 566 2294 Lignor.,
580 2215 632 2276 lib.
648 2219 679 2291 l,
697 2215 779 2296 187.)

139 2311 315 2386 Antequam
344 2303 415 2366 huic
439 2304 599 2384 quaestioni
634 2304 823 2366 alienationis
855 2302 948 2363 linem
977 2299 1073 2380 impo-

101 2415 211 2458 namus
227 2414 234 2455 :

137 2483 313 2547 Notandum
329 2489 375 2544 est
389 2487 420 2543 1⁰
434 2481 516 2562 quod
535 2482 738 2544 solemnitates
750 2479 903 2562 requisitae
915 2497 970 2559 pro
986 2479 1073 2541 dictis

99 2573 348 2649 alienationibus,
364 2571 559 2633 observanda
578 2572 638 2632 sint
658 2573 750 2632 etiam
772 2569 893 2650 quando
913 2585 960 2628 res
983 2567 1073 2630 unius

98 2663 236 2728 eeclesiae
253 2662 285 2722 in
302 2660 428 2741 gratiam
446 2652 735 2722 alterius'alienatur
752 2678 760 2720 ε
777 2659 850 2720 olim
869 2655 993 2738 quidem
1015 2657 1074 2720 hoe

98 2762 162 2817 erat
173 2759 415 2816 controversum.
430 2747 482 2809 sed
497 2749 536 2810 ita
547 2747 811 2829 plurieSJudicavit
820 2749 905 2822 Rota,
917 2753 945 2808 et
957 2753 1075 2809 constat

98 2863 136 2908 ax
149 2861 219 2924 cap.
236 2837 367 2913 Dudum
382 2837 428 2900 De
438 2837 499 2899 reb.
511 2838 608 2898 eccles.
625 2855 683 2896 noc
697 2835 871 2909 alienandis,
888 2836 918 2894 in
932 2839 976 2896 6⁰.

137 2938 316 3004 Notandum
329 2941 360 2998 2⁰
380 2955 436 3015 pro
449 2955 521 2998 casu
535 2934 580 2996 rei
599 2933 765 2996 immobilis
778 2931 816 2992 ab
830 2931 953 3010 antiquo
970 2931 1000 2991 in
1015 2932 1075 2994 feu·

98 3033 174 3096 dum
187 3029 236 3092 vel
249 3025 471 3106 emphyteusim
485 3024 549 3084 dari
561 3023 668 3096 solitae,
684 3021 778 3102 quod,
790 3019 881 3082 feudo
892 3019 938 3080 vel
952 3020 1076 3102 emphy-

99 3122 176 3186 teusi
201 3123 349 3189 cessante,
373 3115 483 3176 iterum
502 3114 533 3174 in
554 3112 679 3174 seudum
698 3111 744 3173 vel
764 3109 986 3190 emphyteusim
1011 3110 1075 3172 dari

98 3215 220 3294 potest,
236 3206 351 3285 absque
368 3202 454 3265 novis
469 3201 730 3274 solemnitatibus,
744 3197 912 3262 dummodo
931 3197 960 3258 id
979 3197 1029 3259 liat
1044 3199 1075 3260 in

99 3299 273 3364 evidentem
299 3293 441 3354 Ecclesiae
462 3291 618 3353 utilitatem
630 3309 640 3364 ;
662 3289 749 3352 Gard.
776 3289 877 3369 Soglia
900 3288 986 3364 (lust.
1004 3289 1073 3368 jur.

99 3390 191 3471 prin,
208 3385 228 3466 ξ
243 3382 312 3464 itt)
333 3382 425 3462 exigit
438 3379 672 3452 utconsuetudo
692 3378 810 3440 locandi
829 3395 884 3440 seu
902 3376 934 3438 in
953 3379 1077 3460 emphy-

85 3477 211 3540 'teusirn
231 3471 369 3534 tradendi
392 3469 616 3551 comprobetur,
637 3469 682 3530 vel
708 3486 762 3550 per
783 3467 860 3529 duas
881 3467 1076 3530 alienationes

99 3561 342 3648 emphyteuticas
359 3578 421 3622 non
443 3561 593 3621 solemnes
611 3557 689 3618 intra
708 3557 838 3637 spatium
856 3560 897 3619 40
913 3574 1074 3628 annorum,

100 3639 145 3718 vel
155 3672 213 3736 per
226 3669 323 3715 unam
338 3649 510 3710 solemniter
521 3647 649 3722 tactam;
668 3647 829 3727 requiritur
843 3647 932 3706 etiam
948 3653 980 3709 ut
998 3646 1077 3706 bona

101 3744 240 3807 nondum
254 3739 367 3802 fuerint
375 3737 517 3800 Ecclesia
527 3737 707 3816 reintegrata
718 3737 894 3816 priusquam
904 3739 1076 3797 contractus

102 3839 274 3896 renovetur.
285 3830 327 3889 lta
340 3828 370 3888 S.
386 3829 496 3902 Congr.
508 3827 599 3886 Cone.
617 3825 646 3884 in
662 3824 719 3884 und
733 3824 933 3893 solatiorum,
947 3825 986 3884 20
998 3827 1065 3896 sept
