2574 4198
195 275 256 334 620
465 284 622 332 nisurum-
638 283 720 329 sucis
739 277 889 328 canonici.

200 408 214 444 a
235 377 1165 464 stipendioquodaccedit,quatuorderidebeantpartitiones.·

201 494 216 530 a
238 490 298 534 una
312 472 446 534 videlicet
461 473 610 552 Episcopo
623 478 652 530 et
667 467 785 530 familiae
798 467 864 548 ejus
878 473 1000 548 propter
1013 467 1167 549 hospitali·

201 583 215 618 a
235 567 339 638 tatem,
359 562 416 623 alia
431 562 529 636 clerc,
545 560 631 624 tertia
647 559 717 620 verb
730 555 932 642 pauperibus,
945 563 1055 637 quarta
1068 559 1174 622 ecclc·-

202 672 217 708 α
237 649 287 710 siis
305 650 523 731 reparandis.»

238 739 287 800 Sic
301 738 401 820 itaque
414 739 516 804 divisis
529 737 618 802 bouis
631 735 782 808 Ecclesiae,
798 734 900 814 plures
912 737 1072 798 necessarii
1085 737 1172 802 lubra

199 827 230 888 in
250 827 376 907 singulis
398 829 578 890 dioecesibus
603 827 882 898 administratorcs3
904 824 1034 905 propriae
1055 845 1173 896 mensae

199 915 349 978 bonorum
364 917 651 978 administrationem
667 914 789 976 retinuit
804 913 969 993 Episcopus
990 932 998 973 ε
1018 913 1171 979 bonorum

201 1005 439 1087 uniuscuiusque
460 1006 599 1068 beneticii
619 1023 691 1068 cura
718 1003 829 1064 titulari
858 1001 1037 1064 eorumdem
1059 1005 1173 1070 tributa

201 1092 271 1169 tuta
287 1095 367 1172 bona
379 1103 479 1157 autem
494 1095 688 1157 ecclesiarum
702 1099 753 1155 aut
770 1091 964 1152 Fabricarum
978 1098 1028 1153 aut
1042 1093 1168 1158 aliorum

202 1183 339 1244 locorum
353 1183 391 1244 ab
404 1185 538 1264 ipsorum
554 1184 719 1245 rectoribus
734 1180 1035 1257 administrabantur3
1052 1201 1174 1248 monas

202 1270 348 1332 teriorum
361 1273 432 1334 verb
454 1273 533 1334 bona
551 1275 569 1333 a
587 1273 648 1334 suis
663 1270 832 1352 Praepositis
845 1276 895 1330 aut
916 1269 1059 1336 Praelatis.
1088 1276 1174 1355 Apud

202 1357 386 1440 Episcopum
407 1367 507 1422 tamen
529 1361 690 1434 remansit,
708 1361 799 1420 etiam
812 1365 878 1438 post
895 1357 1005 1420 dictam
1019 1360 1174 1426 bonorum

202 1448 411 1526 partitionem,
430 1449 659 1530 supereminens
673 1447 902 1520 administratio,
918 1447 942 1506 si
956 1448 1089 1528 excipias
1103 1471 1174 1516 mo-

204 1536 332 1598 nasteria
346 1556 415 1618 quae
433 1537 517 1600 fuere
531 1538 569 1599 ab
587 1538 680 1618 ipsius
697 1534 955 1599 administratione
968 1546 1110 1618 exempta
1125 1560 1133 1601 ε
1146 1549 1175 1606 et

204 1623 283 1700 ided,
295 1626 414 1706 quoties
423 1626 587 1688 instituitur
600 1626 777 1706 Episcopus,
793 1622 923 1684 declarat
933 1623 1067 1686 Pontifex
1079 1629 1176 1693 electo

203 1731 305 1774 euram
322 1724 349 1776 et
367 1715 654 1777 administrationem
670 1714 741 1774 talis
755 1712 900 1773 Ecclesia
917 1712 950 1771 ia
963 1714 1176 1793 spiritualibus

204 1810 232 1862 et
244 1803 452 1884 temporalibus
464 1803 611 1867 committi
630 1823 637 1864 ε
652 1802 733 1883 quod
747 1819 916 1886 consonum
930 1810 974 1862 est
992 1821 1061 1884 cap.
1076 1805 1108 1866 Is
1127 1827 1174 1871 eui

204 1895 253 1964 lt,
270 1890 315 1952 De
333 1892 437 1970 elect,
459 1895 511 1956 ubi
530 1892 702 1954 Bonifacius
719 1893 784 1952 Vlll
797 1890 861 1950 ait:
881 1892 908 1950 ls
930 1891 978 1951 cui
1003 1899 1178 1972 procuratio

205 1997 259 2040 seu
272 1980 489 2043 administratio
510 1981 692 2042 Cathedralis
715 1979 856 2041 Ecclesiae
875 1977 965 2060 plena
986 1989 1015 2040 et
1033 1981 1130 2046 libera
1145 1989 1177 2048 in

204 2067 412 2146 spiritualibus
429 2078 457 2130 et
470 2069 682 2151 temporalibus
703 2077 744 2128 est
759 2067 919 2141 commissa,
931 2075 1039 2148 potest,
1057 2071 1176 2137 abena-

206 2157 286 2216 tiouc
295 2155 446 2218 bonorum
456 2159 657 2218 immobilium
667 2155 811 2218 duntaxat
824 2161 958 2236 excepta,
971 2161 1097 2222 <comnia
1107 2183 1176 2244 qua.

186 2262 188 2266 ·
210 2264 225 2298 a
244 2244 459 2322 Jurisdictionis
473 2247 651 2328 episcopatis
664 2246 805 2318 existunt,
822 2251 852 2306 et
870 2263 938 2325 quae
953 2255 1049 2325 potest
1062 2250 1179 2316 clectus

209 2353 224 2388 a
245 2333 441 2397 confirmatus
455 2337 575 2416 exequi,
592 2335 683 2396 tibere
698 2352 837 2395 exercerc
849 2355 880 2396 a.

245 2426 313 2484 769.
339 2423 384 2484 Ad
400 2424 617 2504 providendum
632 2425 720 2485 variis
740 2423 935 2484 ecclesiarum
947 2427 1179 2494 necessitatibus

206 2511 348 2575 institutae
362 2513 445 2575 lubre
455 2513 588 2576 Fabricae
603 2531 655 2574 seu
665 2531 791 2592 corpora
805 2512 1092 2596 administratorum,
1107 2521 1178 2600 qui-

207 2599 263 2662 bus
277 2619 349 2662 cura
359 2603 598 2665 demandabatrr
612 2601 839 2662 administrandi
853 2619 900 2662 res
913 2602 1058 2680 ecclcsiae,
1075 2625 1179 2691 sump

206 2694 255 2748 tas
268 2691 458 2771 suggerendo
473 2691 657 2752 necessarios
670 2689 861 2752 aedificationi
875 2709 910 2752 ac
927 2693 1107 2772 reparationi
1126 2717 1178 2760 sa-

206 2795 327 2840 crarum
343 2779 473 2856 aedium,
489 2785 518 2842 et
531 2780 597 2841 aliis
611 2780 648 2840 ad
658 2780 772 2840 cultum
782 2778 916 2840 divinum
930 2781 1095 2860 requisitis3
1109 2785 1180 2850 ideb

206 2866 250 2928 sic
264 2876 406 2930 vocantur
421 2870 492 2950 quia
506 2870 648 2931 institutae
669 2868 753 2930 lubre
774 2869 924 2948 praecipue
937 2869 975 2930 ad
995 2870 1180 2939 reficiendas

206 2961 236 3016 et
250 2956 442 3035 fabricandas
456 2977 556 3020 sacras
566 2957 657 3020 ardes.

246 3047 357 3108 Versus
368 3047 511 3108 seculum
524 3049 588 3108 Xlll
600 3046 745 3108 duntaxat
758 3053 916 3128 coeperunt
929 3047 1013 3110 laicis
1027 3053 1178 3118 committi

207 3135 346 3213 quaedam
370 3135 472 3216 munia
493 3135 523 3194 in
539 3134 781 3196 administrandis
802 3137 943 3199 Ecclesia
962 3137 1060 3198 bonis.
1082 3141 1176 3208 Gonc.

206 3225 276 3284 reid
290 3225 412 3295 Vienn,
429 3241 510 3285 anno
525 3226 614 3301 tato,
627 3243 758 3306 sequeus
769 3228 930 3288 Decretum
944 3227 1012 3287 tulit
1027 3227 1108 3290 circa
1124 3233 1179 3294 ad·

207 3310 457 3374 ministrationem
478 3313 734 3381 xenodochiorum
755 3332 763 3373 :
784 3335 799 3372 «
817 3315 999 3376 Gubernatic
1014 3316 1087 3378 viris
1105 3338 1178 3398 pro.

210 3421 225 3458 a
246 3400 332 3476 vidis,
344 3401 460 3462 idoneis
473 3410 504 3463 et
514 3401 586 3463 boni
595 3403 758 3464 testimonii
769 3405 984 3480 committatur,
1000 3405 1177 3487 qui-sciant,

150 3497 153 3502 ’
211 3511 225 3548 a
246 3489 336 3550 velint
349 3497 378 3552 et
398 3492 516 3552 valcant
531 3491 595 3553 loca
619 3492 694 3572 ipsa,
718 3491 798 3553 bona
813 3511 920 3554 eorum
935 3511 971 3554 ac
981 3493 1050 3570 jura
1064 3496 1178 3562 utiliter

211 3599 224 3638 a
246 3596 366 3658 gerere,
386 3586 534 3640 eteorum
549 3587 711 3661 proventus
725 3585 753 3642 et
776 3580 910 3642 redditus
923 3581 954 3642 in
975 3599 1177 3661 personarum

211 3688 225 3724 n
247 3667 461 3729 miserabilium
486 3687 576 3730 usam
597 3669 736 3730 fidelibus
761 3669 971 3744 dispensare...
996 3671 1041 3732 Illi
1064 3673 1177 3753 quibus

212 3756 395 3818 edictorum
410 3757 559 3818 bonorum
580 3758 762 3838 dispensatio
783 3759 999 3837 committitur,
1021 3759 1059 3820 ad
1081 3763 1176 3824 instar
