<?xml version="1.0" encoding="UTF-8"?>
<!DOCTYPE html PUBLIC "-//W3C//DTD XHTML 1.0 Transitional//EN"
    "http://www.w3.org/TR/xhtml1/DTD/xhtml1-transitional.dtd">
<html xmlns="http://www.w3.org/1999/xhtml" xml:lang="en" lang="en">
 <head>
  <title>
</title>
<meta http-equiv="Content-Type" content="text/html;charset=utf-8" />
  <meta name='ocr-system' content='tesseract 3.04.00' />
  <meta name='ocr-capabilities' content='ocr_page ocr_carea ocr_par ocr_line ocrx_word'/>
</head>
<body>
  <div class='ocr_page' id='page_1' title='image "./elementajurisca00craigoog_0338.png"; bbox 0 0 2590 4208; ppageno 0'>
   <div class='ocr_carea' id='block_1_1' title="bbox 523 152 1124 240">
    <p class='ocr_par' dir='ltr' id='par_1_1' title="bbox 523 152 1124 240">
     <span class='ocr_line' id='line_1_1' title="bbox 523 152 1124 240; baseline 0.007 -10"><span class='ocrx_word' id='word_1_1' title='bbox 523 183 609 231; x_wconf 79' lang='lat' dir='ltr'>emen</span> <span class='ocrx_word' id='word_1_2' title='bbox 629 185 763 234; x_wconf 83' lang='lat' dir='ltr'>rsurrus.</span> <span class='ocrx_word' id='word_1_3' title='bbox 1063 159 1067 164; x_wconf 70' lang='grc'><strong>’</strong></span> <span class='ocrx_word' id='word_1_4' title='bbox 1088 152 1124 240; x_wconf 76' lang='grc' dir='ltr'>3ῑ</span> 
     </span>
    </p>
   </div>
   <div class='ocr_carea' id='block_1_2' title="bbox 100 293 1192 2068">
    <p class='ocr_par' dir='ltr' id='par_1_2' title="bbox 130 293 1192 556">
     <span class='ocr_line' id='line_1_2' title="bbox 192 293 1119 380; baseline 0.01 -22"><span class='ocrx_word' id='word_1_5' title='bbox 192 301 227 358; x_wconf 77' lang='lat'>2·</span> <span class='ocrx_word' id='word_1_6' title='bbox 254 293 451 372; x_wconf 76' lang='lat' dir='ltr'>lurlulgentia</span> <span class='ocrx_word' id='word_1_7' title='bbox 466 295 607 375; x_wconf 90' lang='lat' dir='ltr'>plenaria</span> <span class='ocrx_word' id='word_1_8' title='bbox 627 313 773 357; x_wconf 85' lang='lat' dir='ltr'>concessa</span> <span class='ocrx_word' id='word_1_9' title='bbox 789 296 877 360; x_wconf 89' lang='lat' dir='ltr'>fuita</span> <span class='ocrx_word' id='word_1_10' title='bbox 903 297 1001 364; x_wconf 85' lang='lat' dir='ltr'>Paulo</span> <span class='ocrx_word' id='word_1_11' title='bbox 1025 297 1048 365; x_wconf 73' lang='lat' dir='ltr'>f</span> <span class='ocrx_word' id='word_1_12' title='bbox 1065 323 1119 380; x_wconf 88' lang='lat' dir='ltr'>per</span> 
     </span>
     <span class='ocr_line' id='line_1_3' title="bbox 130 383 1192 470; baseline 0.008 -22"><span class='ocrx_word' id='word_1_13' title='bbox 130 385 274 448; x_wconf 76' lang='lat' dir='ltr'>‘nuttam</span> <span class='ocrx_word' id='word_1_14' title='bbox 290 387 437 448; x_wconf 78' lang='lat' dir='ltr'>Romanus</span> <span class='ocrx_word' id='word_1_15' title='bbox 452 383 606 464; x_wconf 71' lang='lat' dir='ltr'>Pontifex,</span> <span class='ocrx_word' id='word_1_16' title='bbox 621 387 659 446; x_wconf 74' lang='lat'>23</span> <span class='ocrx_word' id='word_1_17' title='bbox 676 385 748 445; x_wconf 84' lang='lat' dir='ltr'>maii</span> <span class='ocrx_word' id='word_1_18' title='bbox 766 390 852 466; x_wconf 80' lang='lat' dir='ltr'>teob,</span> <span class='ocrx_word' id='word_1_19' title='bbox 870 405 927 470; x_wconf 91' lang='lat' dir='ltr'>pro</span> <span class='ocrx_word' id='word_1_20' title='bbox 941 389 992 453; x_wconf 88' lang='lat' dir='ltr'>die</span> <span class='ocrx_word' id='word_1_21' title='bbox 1006 394 1121 468; x_wconf 82' lang='lat' dir='ltr'>proles·</span> <span class='ocrx_word' id='word_1_22' title='bbox 1189 435 1192 441; x_wconf 89' lang='lat'>-</span> 
     </span>
     <span class='ocr_line' id='line_1_4' title="bbox 150 473 1095 556; baseline -0.01 -18"><span class='ocrx_word' id='word_1_23' title='bbox 150 475 249 538; x_wconf 85' lang='lat' dir='ltr'>sionis</span> <span class='ocrx_word' id='word_1_24' title='bbox 264 474 394 556; x_wconf 84' lang='lat' dir='ltr'>quando</span> <span class='ocrx_word' id='word_1_25' title='bbox 407 480 453 536; x_wconf 86' lang='lat' dir='ltr'>est</span> <span class='ocrx_word' id='word_1_26' title='bbox 468 473 627 536; x_wconf 89' lang='lat' dir='ltr'>solemnis.</span> <span class='ocrx_word' id='word_1_27' title='bbox 996 513 1000 519; x_wconf 74' lang='lat'><em>,</em></span> <span class='ocrx_word' id='word_1_28' title='bbox 1091 507 1095 514; x_wconf 89' lang='lat'><em>-</em></span> 
     </span>
    </p>

    <p class='ocr_par' dir='ltr' id='par_1_3' title="bbox 100 559 1157 2068">
     <span class='ocr_line' id='line_1_5' title="bbox 192 559 1118 645; baseline 0.01 -18"><span class='ocrx_word' id='word_1_29' title='bbox 192 563 263 626; x_wconf 81' lang='lat' dir='ltr'>llaec</span> <span class='ocrx_word' id='word_1_30' title='bbox 279 561 472 642; x_wconf 74' lang='lat' dir='ltr'>indulgentia</span> <span class='ocrx_word' id='word_1_31' title='bbox 487 580 505 622; x_wconf 87' lang='lat' dir='ltr'>a</span> <span class='ocrx_word' id='word_1_32' title='bbox 520 560 713 625; x_wconf 86' lang='lat' dir='ltr'>monialibus</span> <span class='ocrx_word' id='word_1_33' title='bbox 733 559 861 639; x_wconf 76' lang='lat' dir='ltr'>Gallim,</span> <span class='ocrx_word' id='word_1_34' title='bbox 878 563 917 628; x_wconf 87' lang='lat' dir='ltr'>ad</span> <span class='ocrx_word' id='word_1_35' title='bbox 930 567 1068 645; x_wconf 80' lang='lat' dir='ltr'><strong>ordines,</strong></span> <span class='ocrx_word' id='word_1_36' title='bbox 1084 571 1118 636; x_wconf 90' lang='lat' dir='ltr'>in</span> 
     </span>
     <span class='ocr_line' id='line_1_6' title="bbox 128 650 1117 734; baseline 0.008 -19"><span class='ocrx_word' id='word_1_37' title='bbox 128 650 132 656; x_wconf 85' lang='grc'><strong>’</strong></span> <span class='ocrx_word' id='word_1_38' title='bbox 152 651 270 734; x_wconf 88' lang='lat' dir='ltr'>quibus</span> <span class='ocrx_word' id='word_1_39' title='bbox 284 651 361 713; x_wconf 92' lang='lat' dir='ltr'>alibi</span> <span class='ocrx_word' id='word_1_40' title='bbox 376 650 529 714; x_wconf 88' lang='lat' dir='ltr'>solemnia</span> <span class='ocrx_word' id='word_1_41' title='bbox 549 660 621 713; x_wconf 87' lang='lat' dir='ltr'>vota</span> <span class='ocrx_word' id='word_1_42' title='bbox 636 651 863 728; x_wconf 84' lang='lat' dir='ltr'>admittuntur,</span> <span class='ocrx_word' id='word_1_43' title='bbox 880 657 1117 732; x_wconf 80' lang='lat' dir='ltr'>pertinentibus,</span> 
     </span>
     <span class='ocr_line' id='line_1_7' title="bbox 150 739 1119 826; baseline 0.007 -21"><span class='ocrx_word' id='word_1_44' title='bbox 150 741 302 805; x_wconf 78' lang='lat' dir='ltr'>lucrifieri</span> <span class='ocrx_word' id='word_1_45' title='bbox 315 747 436 822; x_wconf 83' lang='lat' dir='ltr'>potest3</span> <span class='ocrx_word' id='word_1_46' title='bbox 452 748 483 802; x_wconf 87' lang='lat' dir='ltr'>et</span> <span class='ocrx_word' id='word_1_47' title='bbox 494 740 623 820; x_wconf 80' lang='lat' dir='ltr'>insuper</span> <span class='ocrx_word' id='word_1_48' title='bbox 634 739 772 802; x_wconf 88' lang='lat' dir='ltr'>aSaneta</span> <span class='ocrx_word' id='word_1_49' title='bbox 786 739 1033 826; x_wconf 84' lang='lat' dir='ltr'>Sedeimpetrari</span> <span class='ocrx_word' id='word_1_50' title='bbox 1048 750 1119 812; x_wconf 85' lang='lat' dir='ltr'>lieet</span> 
     </span>
     <span class='ocr_line' id='line_1_8' title="bbox 150 826 1114 912; baseline 0.007 -20"><span class='ocrx_word' id='word_1_51' title='bbox 150 827 237 912; x_wconf 83' lang='lat' dir='ltr'>quod</span> <span class='ocrx_word' id='word_1_52' title='bbox 259 828 395 892; x_wconf 87' lang='lat' dir='ltr'>lucrifiat</span> <span class='ocrx_word' id='word_1_53' title='bbox 416 829 448 890; x_wconf 92' lang='lat' dir='ltr'>in</span> <span class='ocrx_word' id='word_1_54' title='bbox 470 826 881 910; x_wconf 77' lang='lat' dir='ltr'>aliisprofessionibus‘non</span> <span class='ocrx_word' id='word_1_55' title='bbox 908 833 1114 911; x_wconf 82' lang='lat' dir='ltr'>solemnibus,</span> 
     </span>
     <span class='ocr_line' id='line_1_9' title="bbox 156 915 1119 1002; baseline 0.007 -22"><span class='ocrx_word' id='word_1_56' title='bbox 156 917 324 1002; x_wconf 86' lang='lat' dir='ltr'>praemissis</span> <span class='ocrx_word' id='word_1_57' title='bbox 336 917 367 979; x_wconf 94' lang='lat' dir='ltr'>in</span> <span class='ocrx_word' id='word_1_58' title='bbox 384 915 564 998; x_wconf 86' lang='lat' dir='ltr'>hujusmodi</span> <span class='ocrx_word' id='word_1_59' title='bbox 579 917 714 992; x_wconf 85' lang='lat' dir='ltr'>easibos,</span> <span class='ocrx_word' id='word_1_60' title='bbox 727 917 923 982; x_wconf 88' lang='lat' dir='ltr'>confessione</span> <span class='ocrx_word' id='word_1_61' title='bbox 936 928 967 983; x_wconf 90' lang='lat' dir='ltr'>et</span> <span class='ocrx_word' id='word_1_62' title='bbox 981 940 1119 988; x_wconf 89' lang='lat' dir='ltr'>eommu-</span> 
     </span>
     <span class='ocr_line' id='line_1_10' title="bbox 155 1005 522 1070; baseline -0.011 0"><span class='ocrx_word' id='word_1_63' title='bbox 155 1011 251 1070; x_wconf 90' lang='lat' dir='ltr'>uione</span> <span class='ocrx_word' id='word_1_64' title='bbox 264 1016 341 1070; x_wconf 89' lang='lat' dir='ltr'>tune</span> <span class='ocrx_word' id='word_1_65' title='bbox 355 1005 522 1068; x_wconf 77' lang='lat' dir='ltr'>consuetis</span> 
     </span>
     <span class='ocr_line' id='line_1_11' title="bbox 195 1092 1116 1174; baseline 0.004 -15"><span class='ocrx_word' id='word_1_66' title='bbox 195 1095 262 1160; x_wconf 91' lang='lat' dir='ltr'>lmo</span> <span class='ocrx_word' id='word_1_67' title='bbox 290 1094 502 1158; x_wconf 83' lang='lat' dir='ltr'>communiter</span> <span class='ocrx_word' id='word_1_68' title='bbox 529 1092 680 1168; x_wconf 78' lang='lat' dir='ltr'>donetur,</span> <span class='ocrx_word' id='word_1_69' title='bbox 706 1093 797 1174; x_wconf 77' lang='lat' dir='ltr'>juxta</span> <span class='ocrx_word' id='word_1_70' title='bbox 824 1094 936 1160; x_wconf 84' lang='lat' dir='ltr'>Dirum</span> <span class='ocrx_word' id='word_1_71' title='bbox 961 1097 1116 1162; x_wconf 84' lang='lat' dir='ltr'>l&#39;bomam</span> 
     </span>
     <span class='ocr_line' id='line_1_12' title="bbox 154 1181 1120 1265; baseline 0.005 -18"><span class='ocrx_word' id='word_1_72' title='bbox 154 1185 198 1265; x_wconf 72' lang='lat'>(2,</span> <span class='ocrx_word' id='word_1_73' title='bbox 215 1189 244 1257; x_wconf 72' lang='lat'>2,</span> <span class='ocrx_word' id='word_1_74' title='bbox 258 1203 290 1265; x_wconf 83' lang='lat' dir='ltr'>q.</span> <span class='ocrx_word' id='word_1_75' title='bbox 308 1187 377 1258; x_wconf 70' lang='lat'>189,</span> <span class='ocrx_word' id='word_1_76' title='bbox 393 1192 451 1245; x_wconf 85' lang='lat' dir='ltr'>art.</span> <span class='ocrx_word' id='word_1_77' title='bbox 465 1186 483 1246; x_wconf 86' lang='grc'>3</span> <span class='ocrx_word' id='word_1_78' title='bbox 497 1181 537 1245; x_wconf 90' lang='lat' dir='ltr'>ad</span> <span class='ocrx_word' id='word_1_79' title='bbox 548 1181 604 1264; x_wconf 87' lang='lat'>3¹)</span> <span class='ocrx_word' id='word_1_80' title='bbox 617 1181 703 1264; x_wconf 87' lang='lat' dir='ltr'>quod</span> <span class='ocrx_word' id='word_1_81' title='bbox 717 1186 911 1248; x_wconf 80' lang='lat' dir='ltr'>consecratio</span> <span class='ocrx_word' id='word_1_82' title='bbox 930 1186 994 1249; x_wconf 85' lang='lat' dir='ltr'>Deo</span> <span class='ocrx_word' id='word_1_83' title='bbox 1006 1189 1086 1252; x_wconf 85' lang='lat' dir='ltr'>faeta</span> <span class='ocrx_word' id='word_1_84' title='bbox 1101 1208 1120 1252; x_wconf 91' lang='lat' dir='ltr'>a</span> 
     </span>
     <span class='ocr_line' id='line_1_13' title="bbox 154 1271 1118 1353; baseline 0.007 -20"><span class='ocrx_word' id='word_1_85' title='bbox 154 1272 322 1353; x_wconf 85' lang='lat' dir='ltr'>profitente</span> <span class='ocrx_word' id='word_1_86' title='bbox 334 1271 390 1334; x_wconf 87' lang='lat' dir='ltr'>tria</span> <span class='ocrx_word' id='word_1_87' title='bbox 407 1271 548 1351; x_wconf 83' lang='lat' dir='ltr'>religiosa</span> <span class='ocrx_word' id='word_1_88' title='bbox 573 1279 655 1345; x_wconf 89' lang='lat' dir='ltr'>vota,</span> <span class='ocrx_word' id='word_1_89' title='bbox 671 1279 735 1334; x_wconf 87' lang='lat' dir='ltr'>tam</span> <span class='ocrx_word' id='word_1_90' title='bbox 749 1273 856 1335; x_wconf 86' lang='lat' dir='ltr'>eximii</span> <span class='ocrx_word' id='word_1_91' title='bbox 874 1273 914 1336; x_wconf 89' lang='lat' dir='ltr'>sit</span> <span class='ocrx_word' id='word_1_92' title='bbox 929 1277 1031 1338; x_wconf 88' lang='lat' dir='ltr'>meriti</span> <span class='ocrx_word' id='word_1_93' title='bbox 1046 1288 1118 1340; x_wconf 86' lang='lat' dir='ltr'>ante</span> 
     </span>
     <span class='ocr_line' id='line_1_14' title="bbox 155 1357 1119 1442; baseline 0.006 -18"><span class='ocrx_word' id='word_1_94' title='bbox 155 1363 273 1436; x_wconf 87' lang='lat' dir='ltr'>ileum,</span> <span class='ocrx_word' id='word_1_95' title='bbox 299 1359 428 1442; x_wconf 86' lang='lat' dir='ltr'>quando</span> <span class='ocrx_word' id='word_1_96' title='bbox 451 1367 498 1422; x_wconf 85' lang='lat' dir='ltr'>est</span> <span class='ocrx_word' id='word_1_97' title='bbox 516 1357 644 1442; x_wconf 73' lang='lat' dir='ltr'>predita</span> <span class='ocrx_word' id='word_1_98' title='bbox 665 1357 779 1422; x_wconf 87' lang='lat' dir='ltr'>debitis</span> <span class='ocrx_word' id='word_1_99' title='bbox 797 1361 1031 1428; x_wconf 80' lang='lat' dir='ltr'>conditionibus</span> <span class='ocrx_word' id='word_1_100' title='bbox 1045 1385 1119 1430; x_wconf 89' lang='lat' dir='ltr'>eum</span> 
     </span>
     <span class='ocr_line' id='line_1_15' title="bbox 155 1446 1157 1534; baseline 0.003 -21"><span class='ocrx_word' id='word_1_101' title='bbox 155 1450 343 1514; x_wconf 81' lang='lat' dir='ltr'>contritione</span> <span class='ocrx_word' id='word_1_102' title='bbox 362 1446 508 1530; x_wconf 82' lang='lat' dir='ltr'>perfecta.</span> <span class='ocrx_word' id='word_1_103' title='bbox 524 1455 559 1510; x_wconf 93' lang='lat' dir='ltr'>ut</span> <span class='ocrx_word' id='word_1_104' title='bbox 577 1465 640 1509; x_wconf 94' lang='lat' dir='ltr'>non</span> <span class='ocrx_word' id='word_1_105' title='bbox 656 1448 759 1511; x_wconf 89' lang='lat' dir='ltr'>solum</span> <span class='ocrx_word' id='word_1_106' title='bbox 774 1450 918 1513; x_wconf 94' lang='lat' dir='ltr'>omnium</span> <span class='ocrx_word' id='word_1_107' title='bbox 937 1453 1116 1534; x_wconf 84' lang='lat' dir='ltr'>culparum.</span> <span class='ocrx_word' id='word_1_108' title='bbox 1155 1477 1157 1485; x_wconf 27' lang='lat' dir='ltr'>a</span> 
     </span>
     <span class='ocr_line' id='line_1_16' title="bbox 154 1537 1118 1622; baseline 0.001 -17"><span class='ocrx_word' id='word_1_109' title='bbox 154 1541 317 1605; x_wconf 86' lang='lat' dir='ltr'>sedetiam</span> <span class='ocrx_word' id='word_1_110' title='bbox 332 1554 500 1622; x_wconf 84' lang='lat' dir='ltr'>poenarum</span> <span class='ocrx_word' id='word_1_111' title='bbox 513 1537 677 1612; x_wconf 90' lang='lat' dir='ltr'>omnium,</span> <span class='ocrx_word' id='word_1_112' title='bbox 692 1555 763 1617; x_wconf 77' lang='lat' dir='ltr'>quae</span> <span class='ocrx_word' id='word_1_113' title='bbox 778 1555 835 1619; x_wconf 91' lang='lat' dir='ltr'>pro</span> <span class='ocrx_word' id='word_1_114' title='bbox 855 1539 931 1620; x_wconf 90' lang='lat' dir='ltr'>ipsis</span> <span class='ocrx_word' id='word_1_115' title='bbox 944 1552 1047 1606; x_wconf 89' lang='lat' dir='ltr'>essent</span> <span class='ocrx_word' id='word_1_116' title='bbox 1061 1563 1118 1606; x_wconf 81' lang='lat' dir='ltr'>ex·</span> 
     </span>
     <span class='ocr_line' id='line_1_17' title="bbox 153 1625 728 1704; baseline -0.01 -10"><span class='ocrx_word' id='word_1_117' title='bbox 153 1629 313 1694; x_wconf 80' lang='lat' dir='ltr'>solvendae</span> <span class='ocrx_word' id='word_1_118' title='bbox 326 1673 334 1704; x_wconf 87' lang='lat'>‚</span> <span class='ocrx_word' id='word_1_119' title='bbox 346 1627 488 1690; x_wconf 84' lang='lat' dir='ltr'>obtineat</span> <span class='ocrx_word' id='word_1_120' title='bbox 500 1625 728 1688; x_wconf 84' lang='lat' dir='ltr'>remissionem.</span> 
     </span>
     <span class='ocr_line' id='line_1_18' title="bbox 129 1712 1120 1796; baseline -0.002 -12"><span class='ocrx_word' id='word_1_121' title='bbox 129 1712 132 1718; x_wconf 65' lang='grc'>’</span> <span class='ocrx_word' id='word_1_122' title='bbox 195 1725 229 1784; x_wconf 86' lang='lat'>3⁰</span> <span class='ocrx_word' id='word_1_123' title='bbox 252 1716 421 1792; x_wconf 69' lang='lat' dir='ltr'>Frontem,</span> <span class='ocrx_word' id='word_1_124' title='bbox 436 1715 463 1778; x_wconf 89' lang='lat' dir='ltr'>si</span> <span class='ocrx_word' id='word_1_125' title='bbox 477 1713 571 1790; x_wconf 81' lang='lat' dir='ltr'>velit,</span> <span class='ocrx_word' id='word_1_126' title='bbox 593 1722 790 1776; x_wconf 79' lang='lat' dir='ltr'>commutare</span> <span class='ocrx_word' id='word_1_127' title='bbox 812 1721 913 1796; x_wconf 87' lang='lat' dir='ltr'>potest</span> <span class='ocrx_word' id='word_1_128' title='bbox 926 1718 1034 1780; x_wconf 89' lang='lat' dir='ltr'>omnia</span> <span class='ocrx_word' id='word_1_129' title='bbox 1050 1729 1120 1782; x_wconf 92' lang='lat' dir='ltr'>vota</span> 
     </span>
     <span class='ocr_line' id='line_1_19' title="bbox 156 1800 1122 1892; baseline 0 -20"><span class='ocrx_word' id='word_1_130' title='bbox 156 1806 407 1892; x_wconf 82' lang='lat' dir='ltr'>aseipsoernissa</span> <span class='ocrx_word' id='word_1_131' title='bbox 425 1811 497 1866; x_wconf 82' lang='lat' dir='ltr'>ante</span> <span class='ocrx_word' id='word_1_132' title='bbox 512 1800 736 1885; x_wconf 80' lang='lat' dir='ltr'>professionem</span> <span class='ocrx_word' id='word_1_133' title='bbox 753 1802 852 1867; x_wconf 89' lang='lat' dir='ltr'>:Nam</span> <span class='ocrx_word' id='word_1_134' title='bbox 867 1805 1039 1887; x_wconf 87' lang='lat' dir='ltr'>unicuique</span> <span class='ocrx_word' id='word_1_135' title='bbox 1049 1808 1122 1872; x_wconf 85' lang='lat' dir='ltr'>lieet</span> 
     </span>
     <span class='ocr_line' id='line_1_20' title="bbox 156 1892 1120 1972; baseline -0.002 -10"><span class='ocrx_word' id='word_1_136' title='bbox 156 1908 229 1963; x_wconf 87' lang='lat' dir='ltr'>rota</span> <span class='ocrx_word' id='word_1_137' title='bbox 244 1914 301 1959; x_wconf 87' lang='lat' dir='ltr'>sua</span> <span class='ocrx_word' id='word_1_138' title='bbox 314 1896 345 1957; x_wconf 92' lang='lat' dir='ltr'>in</span> <span class='ocrx_word' id='word_1_139' title='bbox 361 1892 475 1956; x_wconf 92' lang='lat' dir='ltr'>melius</span> <span class='ocrx_word' id='word_1_140' title='bbox 493 1901 689 1955; x_wconf 83' lang='lat' dir='ltr'>commutare</span> <span class='ocrx_word' id='word_1_141' title='bbox 705 1910 713 1954; x_wconf 91' lang='lat'>:</span> <span class='ocrx_word' id='word_1_142' title='bbox 729 1892 782 1954; x_wconf 85' lang='lat' dir='ltr'>sed</span> <span class='ocrx_word' id='word_1_143' title='bbox 798 1893 862 1955; x_wconf 84' lang='lat' dir='ltr'>vita</span> <span class='ocrx_word' id='word_1_144' title='bbox 882 1893 1026 1972; x_wconf 83' lang='lat' dir='ltr'>religiosa</span> <span class='ocrx_word' id='word_1_145' title='bbox 1041 1897 1120 1960; x_wconf 88' lang='lat' dir='ltr'>nihil</span> 
     </span>
     <span class='ocr_line' id='line_1_21' title="bbox 100 1980 1118 2068; baseline -0.007 -17"><span class='ocrx_word' id='word_1_146' title='bbox 100 2063 103 2068; x_wconf 27' lang='grc' dir='ltr'>Ι</span> <span class='ocrx_word' id='word_1_147' title='bbox 156 1987 269 2052; x_wconf 91' lang='lat' dir='ltr'>melius</span> <span class='ocrx_word' id='word_1_148' title='bbox 284 1993 340 2058; x_wconf 88' lang='lat' dir='ltr'>est,</span> <span class='ocrx_word' id='word_1_149' title='bbox 356 1982 468 2046; x_wconf 90' lang='lat' dir='ltr'>saltem</span> <span class='ocrx_word' id='word_1_150' title='bbox 483 1983 508 2043; x_wconf 92' lang='lat' dir='ltr'>si</span> <span class='ocrx_word' id='word_1_151' title='bbox 523 1981 556 2043; x_wconf 92' lang='lat' dir='ltr'>in</span> <span class='ocrx_word' id='word_1_152' title='bbox 580 1998 618 2043; x_wconf 88' lang='lat' dir='ltr'>ea</span> <span class='ocrx_word' id='word_1_153' title='bbox 642 1980 700 2042; x_wconf 87' lang='lat' dir='ltr'>tria</span> <span class='ocrx_word' id='word_1_154' title='bbox 714 1981 806 2043; x_wconf 90' lang='lat' dir='ltr'>solita</span> <span class='ocrx_word' id='word_1_155' title='bbox 828 1989 899 2044; x_wconf 88' lang='lat' dir='ltr'>vota</span> <span class='ocrx_word' id='word_1_156' title='bbox 914 1985 1098 2048; x_wconf 87' lang='lat' dir='ltr'>emittantur</span> <span class='ocrx_word' id='word_1_157' title='bbox 1111 2009 1118 2059; x_wconf 87' lang='lat'>;</span> 
     </span>
    </p>
   </div>
   <div class='ocr_carea' id='block_1_3' title="bbox 158 2069 1227 2154">
    <p class='ocr_par' dir='ltr' id='par_1_4' title="bbox 158 2069 1227 2154">
     <span class='ocr_line' id='line_1_22' title="bbox 158 2069 1227 2154; baseline 0 -15"><span class='ocrx_word' id='word_1_158' title='bbox 158 2075 274 2139; x_wconf 90' lang='lat' dir='ltr'>namsi</span> <span class='ocrx_word' id='word_1_159' title='bbox 290 2091 400 2147; x_wconf 82' lang='lat' dir='ltr'>secus,</span> <span class='ocrx_word' id='word_1_160' title='bbox 415 2071 596 2149; x_wconf 85' lang='lat' dir='ltr'>contingere</span> <span class='ocrx_word' id='word_1_161' title='bbox 610 2077 714 2151; x_wconf 86' lang='lat' dir='ltr'>posset</span> <span class='ocrx_word' id='word_1_162' title='bbox 728 2069 811 2151; x_wconf 82' lang='lat' dir='ltr'>quod</span> <span class='ocrx_word' id='word_1_163' title='bbox 829 2077 902 2134; x_wconf 84' lang='lat' dir='ltr'>vote</span> <span class='ocrx_word' id='word_1_164' title='bbox 925 2071 956 2134; x_wconf 91' lang='lat' dir='ltr'>iu</span> <span class='ocrx_word' id='word_1_165' title='bbox 974 2073 1123 2154; x_wconf 85' lang='lat' dir='ltr'>religione</span> <span class='ocrx_word' id='word_1_166' title='bbox 1225 2069 1227 2075; x_wconf 34' lang='lat'>⁸</span> 
     </span>
    </p>
   </div>
   <div class='ocr_carea' id='block_1_4' title="bbox 139 2156 1132 3755">
    <p class='ocr_par' dir='ltr' id='par_1_5' title="bbox 139 2156 1129 3206">
     <span class='ocr_line' id='line_1_23' title="bbox 159 2156 1125 2240; baseline -0.001 -12"><span class='ocrx_word' id='word_1_167' title='bbox 159 2165 271 2228; x_wconf 87' lang='lat' dir='ltr'>emissa</span> <span class='ocrx_word' id='word_1_168' title='bbox 285 2160 417 2224; x_wconf 87' lang='lat' dir='ltr'>meliora</span> <span class='ocrx_word' id='word_1_169' title='bbox 431 2177 495 2222; x_wconf 95' lang='lat' dir='ltr'>non</span> <span class='ocrx_word' id='word_1_170' title='bbox 505 2170 619 2222; x_wconf 88' lang='lat' dir='ltr'>esseut.</span> <span class='ocrx_word' id='word_1_171' title='bbox 632 2193 671 2205; x_wconf 90' lang='lat'>-</span> <span class='ocrx_word' id='word_1_172' title='bbox 680 2156 711 2222; x_wconf 76' lang='lat' dir='ltr'>st</span> <span class='ocrx_word' id='word_1_173' title='bbox 727 2159 767 2222; x_wconf 89' lang='lat' dir='ltr'>do</span> <span class='ocrx_word' id='word_1_174' title='bbox 780 2159 962 2240; x_wconf 87' lang='lat' dir='ltr'>hujusmodi</span> <span class='ocrx_word' id='word_1_175' title='bbox 978 2181 1125 2227; x_wconf 87' lang='lat' dir='ltr'>eommu-</span> 
     </span>
     <span class='ocr_line' id='line_1_24' title="bbox 159 2248 1123 2334; baseline -0.005 -17"><span class='ocrx_word' id='word_1_176' title='bbox 159 2253 289 2328; x_wconf 88' lang='lat' dir='ltr'>tatione,</span> <span class='ocrx_word' id='word_1_177' title='bbox 310 2249 499 2334; x_wconf 81' lang='lat' dir='ltr'>profitendo,</span> <span class='ocrx_word' id='word_1_178' title='bbox 524 2248 686 2327; x_wconf 83' lang='lat' dir='ltr'>religiosus</span> <span class='ocrx_word' id='word_1_179' title='bbox 703 2266 765 2311; x_wconf 93' lang='lat' dir='ltr'>non</span> <span class='ocrx_word' id='word_1_180' title='bbox 788 2249 953 2329; x_wconf 82' lang='lat' dir='ltr'>cogitavit,</span> <span class='ocrx_word' id='word_1_181' title='bbox 971 2259 1060 2326; x_wconf 88' lang='lat' dir='ltr'>tune,</span> <span class='ocrx_word' id='word_1_182' title='bbox 1078 2253 1123 2314; x_wconf 89' lang='lat' dir='ltr'>vel</span> 
     </span>
     <span class='ocr_line' id='line_1_25' title="bbox 160 2337 1123 2416; baseline -0.005 -9"><span class='ocrx_word' id='word_1_183' title='bbox 160 2353 232 2407; x_wconf 85' lang='lat' dir='ltr'>rota</span> <span class='ocrx_word' id='word_1_184' title='bbox 253 2349 325 2402; x_wconf 88' lang='lat' dir='ltr'>ante</span> <span class='ocrx_word' id='word_1_185' title='bbox 345 2339 458 2402; x_wconf 88' lang='lat' dir='ltr'>emissa</span> <span class='ocrx_word' id='word_1_186' title='bbox 472 2355 545 2399; x_wconf 93' lang='lat' dir='ltr'>eum</span> <span class='ocrx_word' id='word_1_187' title='bbox 560 2345 644 2400; x_wconf 90' lang='lat' dir='ltr'>statu</span> <span class='ocrx_word' id='word_1_188' title='bbox 657 2337 805 2414; x_wconf 82' lang='lat' dir='ltr'>religioso</span> <span class='ocrx_word' id='word_1_189' title='bbox 819 2346 893 2400; x_wconf 88' lang='lat' dir='ltr'>suut</span> <span class='ocrx_word' id='word_1_190' title='bbox 915 2339 1123 2416; x_wconf 82' lang='lat' dir='ltr'>incompossi-</span> 
     </span>
     <span class='ocr_line' id='line_1_26' title="bbox 160 2425 1123 2508; baseline -0.006 -13"><span class='ocrx_word' id='word_1_191' title='bbox 160 2433 250 2506; x_wconf 85' lang='lat' dir='ltr'>bilia,</span> <span class='ocrx_word' id='word_1_192' title='bbox 261 2429 310 2493; x_wconf 86' lang='lat' dir='ltr'>rel</span> <span class='ocrx_word' id='word_1_193' title='bbox 325 2428 358 2491; x_wconf 93' lang='lat' dir='ltr'>in</span> <span class='ocrx_word' id='word_1_194' title='bbox 368 2445 406 2489; x_wconf 92' lang='lat' dir='ltr'>eo</span> <span class='ocrx_word' id='word_1_195' title='bbox 416 2425 575 2490; x_wconf 88' lang='lat' dir='ltr'>observari</span> <span class='ocrx_word' id='word_1_196' title='bbox 585 2435 729 2508; x_wconf 88' lang='lat' dir='ltr'>queunt:</span> <span class='ocrx_word' id='word_1_197' title='bbox 746 2428 770 2486; x_wconf 89' lang='lat' dir='ltr'>si</span> <span class='ocrx_word' id='word_1_198' title='bbox 785 2427 882 2506; x_wconf 89' lang='lat' dir='ltr'>prius,</span> <span class='ocrx_word' id='word_1_199' title='bbox 898 2429 1123 2506; x_wconf 79' lang='lat' dir='ltr'>extinguuntur</span> 
     </span>
     <span class='ocr_line' id='line_1_27' title="bbox 162 2516 1128 2605; baseline -0.005 -20"><span class='ocrx_word' id='word_1_200' title='bbox 162 2540 216 2605; x_wconf 92' lang='lat' dir='ltr'>per</span> <span class='ocrx_word' id='word_1_201' title='bbox 230 2517 476 2603; x_wconf 79' lang='lat' dir='ltr'>professionem,</span> <span class='ocrx_word' id='word_1_202' title='bbox 503 2516 578 2597; x_wconf 90' lang='lat' dir='ltr'>quia</span> <span class='ocrx_word' id='word_1_203' title='bbox 598 2531 762 2595; x_wconf 82' lang='lat' dir='ltr'>uunquam</span> <span class='ocrx_word' id='word_1_204' title='bbox 786 2523 856 2576; x_wconf 90' lang='lat' dir='ltr'>vota</span> <span class='ocrx_word' id='word_1_205' title='bbox 881 2523 953 2576; x_wconf 90' lang='lat' dir='ltr'>nata</span> <span class='ocrx_word' id='word_1_206' title='bbox 973 2529 1047 2578; x_wconf 91' lang='lat' dir='ltr'>sum</span> <span class='ocrx_word' id='word_1_207' title='bbox 1066 2536 1128 2580; x_wconf 88' lang='lat' dir='ltr'>ma-</span> 
     </span>
     <span class='ocr_line' id='line_1_28' title="bbox 139 2600 1125 2695; baseline -0.006 -21"><span class='ocrx_word' id='word_1_208' title='bbox 139 2613 211 2695; x_wconf 79' lang='lat' dir='ltr'>¹jus</span> <span class='ocrx_word' id='word_1_209' title='bbox 237 2605 486 2686; x_wconf 72' lang='lat' dir='ltr'>bonumeam</span> <span class='ocrx_word' id='word_1_210' title='bbox 511 2614 558 2666; x_wconf 87' lang='lat' dir='ltr'>est</span> <span class='ocrx_word' id='word_1_211' title='bbox 579 2602 751 2681; x_wconf 80' lang='lat' dir='ltr'>religionis,</span> <span class='ocrx_word' id='word_1_212' title='bbox 777 2600 938 2682; x_wconf 90' lang='lat' dir='ltr'>impedire.</span> <span class='ocrx_word' id='word_1_213' title='bbox 960 2604 991 2665; x_wconf 88' lang='lat' dir='ltr'>Si</span> <span class='ocrx_word' id='word_1_214' title='bbox 1020 2613 1125 2668; x_wconf 90' lang='lat' dir='ltr'>tamen</span> 
     </span>
     <span class='ocr_line' id='line_1_29' title="bbox 163 2691 1127 2782; baseline -0.006 -20"><span class='ocrx_word' id='word_1_215' title='bbox 163 2697 312 2782; x_wconf 80' lang='lat' dir='ltr'>professio</span> <span class='ocrx_word' id='word_1_216' title='bbox 326 2713 390 2758; x_wconf 91' lang='lat' dir='ltr'>non</span> <span class='ocrx_word' id='word_1_217' title='bbox 405 2700 485 2756; x_wconf 89' lang='lat' dir='ltr'>esset</span> <span class='ocrx_word' id='word_1_218' title='bbox 496 2692 665 2764; x_wconf 90' lang='lat' dir='ltr'>solemnis,</span> <span class='ocrx_word' id='word_1_219' title='bbox 681 2708 746 2752; x_wconf 92' lang='lat' dir='ltr'>non</span> <span class='ocrx_word' id='word_1_220' title='bbox 758 2691 890 2753; x_wconf 92' lang='lat' dir='ltr'>omuino</span> <span class='ocrx_word' id='word_1_221' title='bbox 908 2694 1127 2772; x_wconf 74' lang='lat' dir='ltr'>extingueren-</span> 
     </span>
     <span class='ocr_line' id='line_1_30' title="bbox 162 2779 1126 2866; baseline -0.006 -15"><span class='ocrx_word' id='word_1_222' title='bbox 162 2798 215 2852; x_wconf 88' lang='lat' dir='ltr'>tur</span> <span class='ocrx_word' id='word_1_223' title='bbox 232 2783 413 2866; x_wconf 87' lang='lat' dir='ltr'>hujusmodi</span> <span class='ocrx_word' id='word_1_224' title='bbox 428 2788 497 2845; x_wconf 87' lang='lat' dir='ltr'>rota</span> <span class='ocrx_word' id='word_1_225' title='bbox 510 2787 671 2842; x_wconf 87' lang='lat' dir='ltr'>cumstatu</span> <span class='ocrx_word' id='word_1_226' title='bbox 686 2779 831 2858; x_wconf 85' lang='lat' dir='ltr'>religioso</span> <span class='ocrx_word' id='word_1_227' title='bbox 846 2779 1126 2860; x_wconf 77' lang='lat' dir='ltr'>incompossibilia3</span> 
     </span>
     <span class='ocr_line' id='line_1_31' title="bbox 162 2866 1129 2952; baseline -0.011 -9"><span class='ocrx_word' id='word_1_228' title='bbox 162 2877 305 2942; x_wconf 81' lang='lat' dir='ltr'>sedeunt</span> <span class='ocrx_word' id='word_1_229' title='bbox 326 2873 427 2936; x_wconf 84' lang='lat' dir='ltr'>taliter</span> <span class='ocrx_word' id='word_1_230' title='bbox 443 2868 572 2952; x_wconf 90' lang='lat' dir='ltr'>professi</span> <span class='ocrx_word' id='word_1_231' title='bbox 589 2876 743 2951; x_wconf 90' lang='lat' dir='ltr'>possenta</span> <span class='ocrx_word' id='word_1_232' title='bbox 762 2866 914 2946; x_wconf 79' lang='lat' dir='ltr'>religione</span> <span class='ocrx_word' id='word_1_233' title='bbox 926 2867 1129 2940; x_wconf 52' lang='lat' dir='ltr'>diminuens</span> 
     </span>
     <span class='ocr_line' id='line_1_32' title="bbox 163 2956 1129 3050; baseline -0.007 -21"><span class='ocrx_word' id='word_1_234' title='bbox 163 2964 353 3050; x_wconf 85' lang='lat' dir='ltr'>penderetur</span> <span class='ocrx_word' id='word_1_235' title='bbox 384 2961 538 3023; x_wconf 82' lang='lat' dir='ltr'>duntaxat</span> <span class='ocrx_word' id='word_1_236' title='bbox 572 2956 757 3021; x_wconf 87' lang='lat' dir='ltr'>eorumdem</span> <span class='ocrx_word' id='word_1_237' title='bbox 789 2964 934 3018; x_wconf 88' lang='lat' dir='ltr'>votorum</span> <span class='ocrx_word' id='word_1_238' title='bbox 978 2957 1129 3038; x_wconf 74' lang='lat' dir='ltr'>obligatio</span> 
     </span>
     <span class='ocr_line' id='line_1_33' title="bbox 163 3043 1128 3138; baseline -0.006 -21"><span class='ocrx_word' id='word_1_239' title='bbox 163 3053 304 3138; x_wconf 87' lang='lat' dir='ltr'>quandlu</span> <span class='ocrx_word' id='word_1_240' title='bbox 316 3052 346 3112; x_wconf 91' lang='lat' dir='ltr'>in</span> <span class='ocrx_word' id='word_1_241' title='bbox 361 3050 512 3128; x_wconf 82' lang='lat' dir='ltr'>religione</span> <span class='ocrx_word' id='word_1_242' title='bbox 527 3055 728 3109; x_wconf 86' lang='lat' dir='ltr'>manerent...</span> <span class='ocrx_word' id='word_1_243' title='bbox 740 3079 779 3092; x_wconf 96' lang='lat'>-</span> <span class='ocrx_word' id='word_1_244' title='bbox 795 3043 825 3108; x_wconf 87' lang='lat' dir='ltr'>Si</span> <span class='ocrx_word' id='word_1_245' title='bbox 839 3045 1004 3126; x_wconf 89' lang='lat' dir='ltr'>posterius,</span> <span class='ocrx_word' id='word_1_246' title='bbox 1020 3050 1128 3111; x_wconf 88' lang='lat' dir='ltr'>obser·</span> 
     </span>
     <span class='ocr_line' id='line_1_34' title="bbox 165 3140 369 3206; baseline -0.02 0"><span class='ocrx_word' id='word_1_247' title='bbox 165 3140 369 3206; x_wconf 90' lang='lat' dir='ltr'>raridebent.</span> 
     </span>
    </p>

    <p class='ocr_par' dir='ltr' id='par_1_6' title="bbox 166 3222 1132 3755">
     <span class='ocr_line' id='line_1_35' title="bbox 204 3222 1130 3308; baseline -0.006 -14"><span class='ocrx_word' id='word_1_248' title='bbox 204 3231 312 3308; x_wconf 86' lang='lat' dir='ltr'>Quoad</span> <span class='ocrx_word' id='word_1_249' title='bbox 334 3245 409 3290; x_wconf 91' lang='lat' dir='ltr'>eum</span> <span class='ocrx_word' id='word_1_250' title='bbox 430 3225 590 3305; x_wconf 84' lang='lat' dir='ltr'>veroqui,</span> <span class='ocrx_word' id='word_1_251' title='bbox 606 3229 675 3304; x_wconf 85' lang='lat' dir='ltr'>post</span> <span class='ocrx_word' id='word_1_252' title='bbox 690 3231 797 3285; x_wconf 90' lang='lat' dir='ltr'>votum</span> <span class='ocrx_word' id='word_1_253' title='bbox 822 3222 860 3284; x_wconf 90' lang='lat' dir='ltr'>de</span> <span class='ocrx_word' id='word_1_254' title='bbox 873 3229 957 3284; x_wconf 87' lang='lat' dir='ltr'>eerta</span> <span class='ocrx_word' id='word_1_255' title='bbox 981 3223 1130 3304; x_wconf 83' lang='lat' dir='ltr'>religione</span> 
     </span>
     <span class='ocr_line' id='line_1_36' title="bbox 166 3312 1131 3402; baseline -0.006 -18"><span class='ocrx_word' id='word_1_256' title='bbox 166 3315 397 3402; x_wconf 83' lang='lat' dir='ltr'>amplectenda,</span> <span class='ocrx_word' id='word_1_257' title='bbox 414 3314 563 3378; x_wconf 83' lang='lat' dir='ltr'>laxiorem</span> <span class='ocrx_word' id='word_1_258' title='bbox 576 3312 761 3392; x_wconf 83' lang='lat' dir='ltr'>ingreditur,</span> <span class='ocrx_word' id='word_1_259' title='bbox 779 3318 879 3391; x_wconf 88' lang='lat' dir='ltr'>potest</span> <span class='ocrx_word' id='word_1_260' title='bbox 893 3312 1032 3394; x_wconf 84' lang='lat' dir='ltr'>quidem,</span> <span class='ocrx_word' id='word_1_261' title='bbox 1043 3315 1131 3397; x_wconf 80' lang='lat' dir='ltr'>juxta</span> 
     </span>
     <span class='ocr_line' id='line_1_37' title="bbox 168 3399 1131 3486; baseline -0.006 -10"><span class='ocrx_word' id='word_1_262' title='bbox 168 3407 360 3476; x_wconf 83' lang='lat' dir='ltr'>Decretalem</span> <span class='ocrx_word' id='word_1_263' title='bbox 372 3402 522 3467; x_wconf 86' lang='lat' dir='ltr'>Bonifaeli</span> <span class='ocrx_word' id='word_1_264' title='bbox 537 3400 614 3475; x_wconf 83' lang='lat' dir='ltr'>llll,</span> <span class='ocrx_word' id='word_1_265' title='bbox 633 3399 692 3476; x_wconf 82' lang='lat' dir='ltr'>Qui</span> <span class='ocrx_word' id='word_1_266' title='bbox 702 3407 766 3482; x_wconf 84' lang='lat' dir='ltr'>post</span> <span class='ocrx_word' id='word_1_267' title='bbox 782 3407 877 3462; x_wconf 82' lang='lat' dir='ltr'>votem</span> <span class='ocrx_word' id='word_1_268' title='bbox 894 3404 926 3476; x_wconf 76' lang='lat' dir='ltr'>t,</span> <span class='ocrx_word' id='word_1_269' title='bbox 942 3402 987 3465; x_wconf 79' lang='lat' dir='ltr'>lle</span> <span class='ocrx_word' id='word_1_270' title='bbox 999 3405 1131 3486; x_wconf 80' lang='lat' dir='ltr'>reputor.</span> 
     </span>
     <span class='ocr_line' id='line_1_38' title="bbox 168 3488 1132 3573; baseline -0.006 -11"><span class='ocrx_word' id='word_1_271' title='bbox 168 3503 200 3563; x_wconf 91' lang='lat' dir='ltr'>in</span> <span class='ocrx_word' id='word_1_272' title='bbox 217 3503 263 3572; x_wconf 77' lang='lat'>6⁰,</span> <span class='ocrx_word' id='word_1_273' title='bbox 279 3511 404 3557; x_wconf 88' lang='lat' dir='ltr'>manere</span> <span class='ocrx_word' id='word_1_274' title='bbox 418 3493 502 3554; x_wconf 86' lang='lat' dir='ltr'>licite</span> <span class='ocrx_word' id='word_1_275' title='bbox 522 3491 554 3552; x_wconf 89' lang='lat' dir='ltr'>in</span> <span class='ocrx_word' id='word_1_276' title='bbox 570 3489 678 3552; x_wconf 88' lang='lat' dir='ltr'>eadem</span> <span class='ocrx_word' id='word_1_277' title='bbox 694 3488 792 3572; x_wconf 87' lang='lat' dir='ltr'>(quod</span> <span class='ocrx_word' id='word_1_278' title='bbox 807 3490 958 3571; x_wconf 79' lang='lat' dir='ltr'>applicari</span> <span class='ocrx_word' id='word_1_279' title='bbox 974 3511 1064 3573; x_wconf 85' lang='lat' dir='ltr'>posse</span> <span class='ocrx_word' id='word_1_280' title='bbox 1088 3496 1132 3560; x_wconf 84' lang='lat' dir='ltr'>vi·</span> 
     </span>
     <span class='ocr_line' id='line_1_39' title="bbox 167 3577 1132 3660; baseline -0.007 -8"><span class='ocrx_word' id='word_1_281' title='bbox 167 3589 261 3652; x_wconf 86' lang='lat' dir='ltr'>detur</span> <span class='ocrx_word' id='word_1_282' title='bbox 280 3586 375 3647; x_wconf 88' lang='lat' dir='ltr'>etiam</span> <span class='ocrx_word' id='word_1_283' title='bbox 390 3581 541 3660; x_wconf 83' lang='lat' dir='ltr'>ingressui</span> <span class='ocrx_word' id='word_1_284' title='bbox 558 3578 693 3641; x_wconf 85' lang='lat' dir='ltr'>instituti</span> <span class='ocrx_word' id='word_1_285' title='bbox 713 3577 907 3660; x_wconf 82' lang='lat' dir='ltr'>simplicium</span> <span class='ocrx_word' id='word_1_286' title='bbox 921 3589 1087 3658; x_wconf 85' lang='lat' dir='ltr'>votorum,</span> <span class='ocrx_word' id='word_1_287' title='bbox 1108 3585 1132 3645; x_wconf 89' lang='lat' dir='ltr'>si</span> 
     </span>
     <span class='ocr_line' id='line_1_40' title="bbox 166 3667 1132 3755; baseline -0.011 -12"><span class='ocrx_word' id='word_1_288' title='bbox 166 3685 198 3743; x_wconf 86' lang='lat' dir='ltr'>in</span> <span class='ocrx_word' id='word_1_289' title='bbox 215 3694 255 3739; x_wconf 88' lang='lat' dir='ltr'>eo</span> <span class='ocrx_word' id='word_1_290' title='bbox 276 3672 452 3755; x_wconf 87' lang='lat' dir='ltr'>reperiatur</span> <span class='ocrx_word' id='word_1_291' title='bbox 464 3687 559 3734; x_wconf 88' lang='lat' dir='ltr'>omne</span> <span class='ocrx_word' id='word_1_292' title='bbox 573 3669 666 3732; x_wconf 86' lang='lat' dir='ltr'>statui</span> <span class='ocrx_word' id='word_1_293' title='bbox 681 3667 828 3748; x_wconf 74' lang='lat' dir='ltr'>religioso</span> <span class='ocrx_word' id='word_1_294' title='bbox 840 3669 1031 3748; x_wconf 77' lang='lat' dir='ltr'>essentiale),</span> <span class='ocrx_word' id='word_1_295' title='bbox 1050 3687 1132 3732; x_wconf 91' lang='lat' dir='ltr'>non·</span> 
     </span>
    </p>
   </div>
   <div class='ocr_carea' id='block_1_5' title="bbox 0 0 1320 4208">
    <p class='ocr_par' dir='ltr' id='par_1_7' title="bbox 0 0 1320 4208">
     <span class='ocr_line' id='line_1_41' title="bbox 0 0 1320 4208; baseline 0 0"><span class='ocrx_word' id='word_1_296' title='bbox 0 0 1320 4208; x_wconf 95' lang='lat' dir='ltr'> </span> 
     </span>
    </p>
   </div>
  </div>
 </body>
</html>
