2574 4198
229 369 286 425 tto
506 359 658 425 nocuerim
677 367 759 424 anais
778 377 925 424 canonica.

228 479 359 543 redditus
374 490 470 544 certos
484 489 513 544 et
527 480 648 542 stabiles
658 477 773 560 quibus
791 479 926 540 Ecclesia
944 477 1060 561 indiget
1078 497 1136 560 pro
1156 478 1198 539 ln-

228 570 361 630 numeris
374 570 518 651 impensis
532 569 666 651 quotidie
681 567 839 643 iaciendis,
855 573 913 630 etc.

264 661 296 716 2⁰
326 659 440 720 Eadem
466 661 581 720 ratione
608 657 752 736 probatur
775 655 932 736 praefatum
956 657 1008 736 jus
1032 655 1206 720 immobilia

227 745 396 825 possidendi
424 747 571 809 inhaerere
600 743 739 807 Ecclesiae
763 745 833 826 jure
861 745 989 807 naturali
1015 753 1046 808 et
1074 746 1204 819 divino,

226 851 334 915 nempe
348 837 455 910 eodem
468 837 536 915 jure
550 853 611 916 quo
626 835 680 915 ipsi
696 833 798 895 datum
814 833 869 895 luit
886 834 1056 896 existerent
1074 853 1143 898 sese
1155 835 1200 898 di·

226 921 313 984 latare
328 925 358 985 in
374 926 546 986 universum
562 923 710 984 mundum
729 941 736 983 :
753 921 863 982 etenim
883 923 1061 987 «Dominus
1075 924 1200 986 ordina·

226 1034 242 1070 u
262 1013 350 1074 vitiis
363 1013 415 1094 qui
430 1012 626 1092 Evangelium
641 1010 822 1073 annuntiant
836 1010 874 1072 de
888 1012 1050 1092 Evangelio
1065 1013 1195 1076 viveres

223 1099 251 1180 (l
270 1103 350 1174 Con,
365 1120 392 1163 c.
409 1107 439 1176 9,
454 1123 482 1163 v.
501 1101 563 1182 lt).

261 1193 294 1251 3ο
317 1191 380 1253 Hoc
388 1191 438 1268 jus
449 1189 538 1251 habet
549 1187 683 1251 Ecclesia
699 1187 937 1268 independenter
951 1189 968 1250 a
981 1195 1128 1270 potestate
1142 1211 1196 1257 ses

221 1278 333 1354 culari,
350 1281 430 1357 quod
445 1279 547 1341 multis
561 1277 681 1359 probari
696 1281 794 1358 potest
810 1297 817 1336 :
833 1277 946 1338 etenim
961 1277 1098 1340 Christus
1111 1280 1195 1343 insti-

220 1368 333 1429 tuendo
347 1369 524 1440 Ecclesiam,
540 1367 638 1448 ipsam
652 1365 892 1447 independenter
906 1367 923 1427 a
937 1373 1083 1447 potestate
1098 1386 1194 1432 saecu·

218 1455 272 1516 lari
286 1457 424 1520 instituit.
453 1459 613 1531 «Eunias,
627 1455 736 1536 inquit,
754 1455 912 1536 Apostolos
927 1473 998 1516 snos
1013 1455 1192 1538 alloquens,

220 1566 238 1604 a
257 1544 360 1608 docete
372 1564 480 1608 omnes
494 1551 614 1626 gentes,
637 1543 781 1607 docentes
795 1562 847 1606 eos
862 1562 979 1606 servare
993 1546 1098 1608 omnia
1113 1567 1195 1628 quaa-

221 1656 237 1693 «
256 1649 389 1716 cumque
404 1634 541 1696 mandavi
555 1633 650 1695 vobis.
671 1654 686 1692 a
705 1632 792 1705 Quod
807 1631 931 1713 quidem
946 1633 1077 1696 dicendo
1093 1637 1192 1700 nulla·

215 1728 303 1786 tenus
321 1725 364 1786 eis
373 1723 557 1806 praescripsit
565 1727 600 1784 ut
613 1721 764 1785 licentiam
776 1720 986 1802 praedicaudia
1000 1721 1192 1806 Principibus

216 1811 400 1889 obtinerent;
420 1812 472 1875 sed
487 1813 558 1874 ciam
573 1812 652 1874 bona
666 1811 860 1892 temporalia,
877 1816 911 1872 ut
926 1811 1016 1872 modd
1034 1811 1189 1896 diximus,

216 1909 284 1963 sunt
295 1903 431 1965 absolute
442 1901 609 1964 necessaria
619 1901 663 1962 vel
677 1900 840 1962 admodum
852 1899 935 1961 utilia
948 1899 985 1960 ad
997 1901 1190 1968 existentiam
1281 1911 1282 1916 ’

213 1990 542 2065 Ecclesiaemecessarid
554 1989 699 2068 Christus,
711 1990 763 2070 qui
775 1988 869 2050 voluit
880 1988 1046 2051 Ecclesiam
1061 1992 1190 2058 existere

211 2077 449 2160 independenter
461 2080 478 2140 a
492 2077 692 2158 Principibus,
715 2079 796 2140 dedit
810 2077 908 2140 eidem
926 2079 976 2156 jus
990 2081 1186 2162 possidendi,

208 2165 300 2228 etiam
315 2167 554 2249 independenter
567 2167 585 2228 a
600 2166 801 2248 Principibus,
817 2167 865 2228 illa
881 2166 960 2228 bona
978 2167 1117 2234 absolute
1131 2192 1186 2236 ne-

207 2256 348 2334 cessaria,
363 2259 408 2319 vel
423 2255 587 2318 admodum
601 2255 696 2319 utilia.
712 2258 792 2337 Ergo
806 2262 864 2318 etc.

248 2344 470 2408 Probarietiam
485 2352 583 2427 potest
596 2363 633 2408 ex
642 2344 730 2406 variis
745 2345 841 2421 lactis,
851 2345 883 2406 in
893 2345 1044 2425 Maenali,
1061 2351 1184 2433 relatis,

205 2441 241 2495 n·
255 2437 345 2498 5259.

246 2526 318 2586 Haec
338 2525 378 2586 ita
396 2541 466 2587 vera
489 2531 560 2587 sunt
574 2531 622 2600 ut,
642 2543 724 2586 anno
746 2528 838 2598 tait,
855 2523 968 2587 Concil.
990 2527 1134 2608 Lugdun.
1157 2537 1183 2595 ll

202 2613 336 2692 generali
361 2613 579 2676 Constitutione
604 2612 744 2676 sancierit
769 2635 784 2673 a
809 2613 967 2676 universos
989 2622 1019 2677 et
1041 2619 1181 2701 singulos

194 2722 224 2776 ,a
244 2701 334 2783 qui...
362 2701 442 2764 bona
469 2702 685 2780 ecclesiarum,
714 2702 1004 2767 monasteriorum...
1029 2723 1180 2791 occupare

205 2797 455 2870 apraesumunt,
485 2800 740 2874 quantaecumque
769 2791 922 2873 dignitatis
951 2791 1069 2858 honore
1096 2818 1174 2879 prae-

202 2901 222 2939 c
241 2879 414 2963 fulgeant...
430 2898 467 2944 eo
484 2881 549 2962 ipso
563 2880 884 2944 excommunicationis
898 2883 1056 2946 seutentiae
1071 2887 1176 2969 subja-

202 2991 220 3027 -α
241 2988 309 3031 cero
323 2993 354 3033 a.

239 3058 276 3118 Et
290 3059 404 3120 Concil.
416 3059 550 3120 Trident.
563 3061 647 3137 (sess.
664 3063 713 3132 Ἠ,
730 3077 795 3139 cap.
809 3061 859 3138 ll)
875 3077 883 3120 :
902 3081 921 3142 u
932 3061 962 3121 Si
977 3079 1070 3142 quem
1084 3067 1175 3130 cleri·

198 3168 218 3204 -u
238 3165 344 3208 corum
367 3147 418 3209 vel·
438 3147 599 3226 laicorum,
624 3151 817 3229 quacumque
846 3148 871 3208 is
894 3148 1056 3229 dignitate,
1083 3157 1174 3221 etiam

202 3236 387 3316 «Imperiali
411 3246 463 3298 aut
485 3237 588 3318 Regali
612 3237 804 3318 praefulgeat,
827 3237 996 3300 intantum
1020 3243 1173 3310 malorum

197 3345 216 3382 u
236 3325 376 3386 omnium
391 3326 475 3388 radix
492 3325 641 3406 cupiditas
656 3326 865 3408 occupaverit,
885 3333 919 3389 ut
933 3329 1059 3410 alicujus
1074 3335 1173 3399 eccle-

196 3434 216 3470 -r
235 3414 301 3484 sin,
317 3432 370 3476 seu
383 3417 516 3493 cujusvis
530 3415 682 3478 saecularis
695 3417 740 3478 vel
757 3415 902 3495 regularis
916 3417 1070 3495 beneficii,
1087 3427 1171 3488 Mon.

196 3522 215 3560 u
234 3500 309 3562 tium
333 3501 475 3578 Pietatis,
500 3505 691 3586 aliorumque
714 3504 834 3586 piorum
861 3505 997 3569 locorum
1023 3509 1169 3592 jurisdic-

195 3611 213 3646 n
233 3589 350 3666 tiones,
366 3590 456 3666 bona,
472 3609 583 3655 census
595 3612 629 3655 ac
640 3594 721 3672 jura,
742 3593 830 3654 etiam
844 3593 974 3658 feudalia
991 3605 1022 3659 et
1036 3603 1167 3686 emphy-

195 3699 212 3738 α
232 3678 360 3756 teatina,
377 3680 501 3759 tructus,
515 3683 736 3756 emolumenta,
753 3700 807 3744 seu
821 3701 1031 3768 quascumque
1051 3690 1167 3756 obven-

196 3790 212 3826 c
232 3767 350 3846 tiones,
373 3770 487 3850 quaein
511 3771 718 3834 ministrorum
741 3775 770 3832 et
784 3790 951 3853 pauperum
972 3781 1167 3844 necessitates

194 3856 363 3918 «converti
389 3857 521 3937 debent,
545 3877 599 3941 per
621 3879 654 3923 se
678 3859 724 3922 vel
745 3877 799 3940 per
820 3861 912 3940 alios,
937 3863 965 3924 vi
987 3865 1033 3927 val
1056 3869 1166 3935 timore
