2618 4212
554 243 656 290 laona.

101 365 219 410 'flantem
1012 338 1099 394 1³⁸3an

122 447 181 500 tot.
363 438 449 494 Ponet
478 432 512 492 V.
539 461 579 477 -ι
595 433 632 488 be
658 425 883 504 dispositionibus
899 419 970 494 juris

620 519 694 577 cirea
717 516 788 573 bona
809 507 968 584 temporalia

618 605 785 665 novitiorum
816 613 967 672 eorumque

319 765 325 778 ,
615 695 757 756 beneficia.

359 796 455 854 Ponet.
482 792 528 851 vl.
549 819 583 835 ·-
602 779 898 860 solutioquorumdam
913 776 968 834 du-

560 931 564 938 .
634 878 741 934 brorum
752 888 824 930 orrea
838 867 966 926 novitios.
1041 896 1042 903 κ

326 973 450 1049 5¹¹·-
417 971 510 1028 -De
528 966 701 1026 Professione
722 961 858 1034 religiosa.
911 995 918 1012 .
958 993 966 1010 .

363 1065 460 1120 Panot.
481 1061 503 1118 l.
521 1058 605 1114 lie
614 1051 787 1130 professione
800 1059 928 1120 expressa
941 1047 970 1099 et

617 1145 711 1203 tacita

363 1241 459 1298 Ponet.
475 1239 508 1294 ll.
525 1267 560 1280 -
573 1233 614 1293 nd
628 1247 709 1307 quern
724 1228 862 1304 pertineat
872 1222 972 1280 admit·

621 1329 678 1378 tere
703 1316 737 1376 atl
766 1310 972 1389 professionem.

362 1416 458 1472 Punot.
479 1414 561 1470 lll.-
574 1411 614 1468 De
624 1406 765 1466 effectibus
778 1398 965 1477 professionis.
1062 1396 1067 1408 '
1086 1432 1092 1446 .

363 1504 460 1560 Ponet.
481 1501 526 1557 llf.
542 1529 575 1544 -
591 1497 663 1570 Quid
674 1496 709 1554 sit
723 1489 894 1567 agendumin
905 1503 970 1545 oasa

635 1582 812 1660 professionis
828 1579 920 1636 nullae.
960 1619 967 1635 .

326 1680 345 1750 i
361 1680 409 1738 111.
426 1709 459 1722 -
471 1679 511 1736 De
526 1675 688 1753 quibusdam
704 1671 868 1749 specialibus
879 1667 969 1726 Novi-

589 1765 667 1823 tlatui
713 1769 763 1820 aut
805 1757 970 1837 professioni

589 1854 749 1914 monialium
752 1889 986 1910 ......

318 1962 378 2022 nrt.
397 1960 443 2019 Ν.
468 1989 502 2006 ·-
524 1961 564 2016 De
583 1956 772 2030 religiosorum
795 1947 971 2024 obligationi·

334 2144 390 2222 gl.
411 2177 445 2192 -
469 2148 509 2204 De
530 2141 742 2218 obligationibus
755 2148 881 2198 votorum
903 2136 970 2196 reli-

512 2234 662 2307 giosorum.
716 2267 770 2287 ..
819 2223 1068 2286 ....'

366 2339 462 2394 Pauot.
483 2335 505 2392 l.
521 2363 556 2377 -
570 2334 610 2390 De
622 2325 835 2404 obligationibus
859 2341 892 2382 ex
904 2330 970 2382 voto

601 2419 743 2478 eastitatis.

366 2513 464 2571 aanor.
484 2513 521 2570 ll.
534 2519 567 2554 -·'
584 2511 624 2566 De
633 2505 848 2580 obligationibus
862 2519 895 2559 ex
905 2501 973 2558 obe·

622 2596 733 2654 dienliae
753 2601 826 2651 voto.
866 2632 873 2648 .
913 2632 921 2647 .
960 2629 968 2646 .
1062 2583 1096 2641 it.

371 2699 468 2759 Ponet.
488 2697 536 2754 ill.
551 2725 585 2740 -
594 2696 635 2754 De
644 2690 855 2767 obligationibus
863 2703 897 2748 ex
910 2693 976 2746 voto

624 2782 834 2861 paupertatis..
870 2819 880 2839 .
920 2818 928 2836 .
967 2817 975 2834 .
1067 2776 1100 2832 il

336 2877 354 2956 ἕ
372 2879 407 2940 11.
430 2910 465 2924 -
479 2881 521 2938 De
535 2877 702 2952 obligatione
726 2873 759 2930 ad
778 2869 975 2948 perfectionem

502 2983 638 3044 tendendi.
683 3013 976 3041 .......
1069 2973 1102 3026 ta

335 3083 353 3161 ᾖ
371 3083 417 3143 lll.
433 3115 469 3129 -
482 3085 522 3141 De
536 3080 702 3155 obligatione
718 3076 839 3150 regulam
855 3078 883 3130 et
895 3085 979 3128 cons·

522 3172 663 3230 titutiones
688 3164 824 3226 servandi.
875 3203 883 3220 .
923 3203 930 3219 .
969 3199 977 3218 .
1069 3157 1106 3212 ot

337 3264 354 3340 ᾗ
372 3265 419 3323 lv.
440 3289 477 3309 ·-
498 3263 540 3321 De
553 3259 718 3332 obligatione
731 3255 762 3312 bz·
769 3254 855 3312 bitum
868 3249 979 3324 religio·

541 3344 739 3422 sumgestandi
742 3379 978 3402 ......
1069 3339 1101 3393 bl

339 3452 447 3528 gil.-
414 3437 975 3522 -Deobligationeolausuramservandi.
1067 3436 1102 3492 ib.

338 3541 356 3618 ξ
375 3542 460 3598 Vl
466 3536 631 3612 Religiosis
643 3532 778 3610 prohibita
780 3567 977 3590 .....
1070 3528 1105 3584 bb

341 3631 357 3705 ᾖ
378 3631 481 3689 vll.-
494 3627 588 3685 Plures
600 3624 662 3682 aliae
676 3621 863 3694 religiosorum
874 3616 981 3690 obliga·

525 3716 622 3774 tiones.
670 3743 983 3775 .......
1065 3705 1102 3761 il.
