2604 4196
319 265 323 284 .
431 246 517 292 nuncu
537 245 693 292 sncuunus
994 217 1058 296 523·

107 351 206 432 Resp.
229 354 261 412 2⁰
283 348 389 422 Quoad
406 347 479 409 alios
493 347 634 422 effectus,
649 355 794 428 tanquam
806 353 923 412 certum
937 349 1054 413 uidetur

71 440 188 521 pariter
203 457 292 519 posse
302 438 444 498 affirmari
458 436 623 516 quamdam
634 437 772 497 virtutem
786 439 1053 502 sacramentalibus

71 529 208 601 annecti,
226 525 495 607 independentera
510 523 757 604 dispositionibus
771 525 882 587 utentis
892 527 937 588 vel
954 529 1054 590 minis·

72 616 126 692 tei,
151 635 191 678 ex
216 616 360 698 precibus
384 615 496 678 scilieet
523 613 665 694 Ecclesia
690 631 758 693 quae
784 632 820 675 ea
838 615 988 694 instituit,
1008 618 1053 679 uel

72 705 232 767 benedixit
251 711 280 766 et
299 700 443 778 accrevit,
462 703 548 764 itaut
567 720 628 763 non
650 701 730 762 idem
749 701 801 773 sit,
822 721 851 765 v.
865 723 895 784 g.
914 707 962 765 uti
978 707 1054 787 aqud

72 814 142 876 quoe
158 798 198 856 ea:¹
218 793 299 873 fulsit
318 792 508 872 persuasione
528 789 698 852 crederetui·
716 789 879 864 benedicta,
894 811 930 853 ac
942 793 969 854 si
984 805 1053 856 esset

74 883 204 944 realiter
222 880 371 944 benedicta
389 901 400 939 .·
415 881 487 960 quia
505 879 537 940 in
559 879 616 940 isto
636 896 709 940 casu
724 879 866 940 Ecclesiae
881 880 1055 945 intercessio

75 971 193 1033 deficit.

116 1059 178 1124 Sed
189 1059 360 1140 disputatur
371 1062 473 1120 utrum
488 1075 524 1118 ex
539 1055 726 1119 institutione
738 1057 891 1133 Ecclesiae,
904 1059 945 1122 illi
961 1059 1055 1124 effec-

77 1155 126 1210 tus
149 1148 358 1229 prodncantur
389 1144 510 1226 proprie
537 1163 574 1206 ex
595 1163 686 1226 opere
704 1153 842 1226 operato,
869 1166 921 1210 seu
946 1149 998 1210 mi
999 1151 1055 1211 db

77 1236 257 1298 bilitcrl-
276 1237 407 1307 Quaestio
427 1233 591 1296 instituitur
609 1235 774 1315 pracsertim
789 1237 889 1318 quoad
905 1239 1056 1300 remissio

78 1344 152 1388 nem
167 1325 343 1387 venialium.
1064 1327 1066 1332 '

119 1412 276 1478 Sententia
290 1430 359 1494 quae
376 1411 569 1474 communior
589 1416 619 1474 et
636 1410 735 1476 uerior
749 1412 886 1490 videtur,
903 1420 983 1477 tenet
1003 1395 1056 1498 par

79 1502 311 1566 sacramentalia
328 1520 389 1562 non
409 1499 521 1562 remitti
539 1500 667 1563 venialia
686 1519 724 1564 cx
737 1521 829 1584 opere
843 1513 985 1585 operato;
1002 1506 1055 1567 sed

80 1594 201 1655 tantum
220 1609 275 1671 per
290 1608 326 1652 ea
345 1590 411 1672 pios
433 1595 533 1652 motus
551 1589 663 1652 doloris
684 1596 734 1653 aut
752 1591 903 1654 charitatis
917 1593 948 1654 in
969 1594 1056 1656 nobis

81 1683 204 1744 excitari
224 1679 337 1761 quibus
348 1679 475 1741 venialia
490 1678 703 1757 remittuntur;
717 1681 808 1761 porro
821 1681 862 1742 itti
875 1688 974 1743 motus
990 1701 1056 1762 pro

82 1769 238 1834 ducuntur
263 1785 317 1850 per
335 1767 461 1830 modum
488 1768 725 1848 impetrationis,
749 1788 818 1849 quac
839 1788 902 1830 nou
929 1773 1056 1831 omnino

84 1858 328 1921 infallibilitatem
350 1855 440 1918 habet
456 1876 463 1916 :
482 1857 526 1918 sic
540 1855 630 1916 etiam
646 1857 735 1916 sentit
752 1857 889 1934 Bittuart,
907 1858 959 1937 qui
974 1859 1057 1920 addit

83 1947 136 2026 (De
149 1966 293 2024 sacram,
305 1945 378 2008 diss.
394 1950 425 2020 7,
437 1950 493 2006 art.
505 1943 537 2026 l)
551 1962 559 2004 ι
576 1944 744 2016 «Quamvis
758 1945 898 2008 Ecclesia
909 1947 1056 2011 tribuatur

88 2043 256 2118 «potestas
275 2034 427 2097 relaxandi
451 2050 558 2116 poenas
584 2033 764 2114 temporales
785 2043 976 2116 peccatorum
1004 2057 1056 2118 per

88 2123 344 2206 «indulgentias,
366 2124 403 2186 ed
428 2122 509 2205 quod
533 2123 589 2185 ista
608 2123 749 2186 relaxatio
775 2126 919 2188 consistat
940 2126 972 2188 in
993 2127 1055 2188 solli

88 2215 347 2279 «condonatione
381 2213 569 2288 extrinseca,
596 2219 728 2274 attamen
756 2222 913 2294 peccatum
940 2215 1056 2276 veniale

89 2329 103 2364 u
122 2303 235 2367 remitti
250 2321 312 2364 non
327 2307 425 2383 potest
436 2301 511 2383 quin
523 2301 680 2364 tollatur
654 2319 720 2382 ejus
730 2303 867 2366 macuta
859 2322 890 2364 m
900 2303 1013 2380 amma
1025 2304 1067 2366 ἰιι’

89 2417 102 2452 a
122 2397 183 2474 qut
198 2391 333 2454 Ecclesia
346 2391 460 2452 nullam
473 2388 562 2451 habet
576 2395 796 2471 potestatem».

123 2491 202 2552 Cium
226 2505 264 2549 ex
287 2486 374 2548 dictis
395 2487 628 2548 sacramentalia
652 2505 705 2568 per
726 2488 968 2550 benedictionem
990 2489 1056 2551 etii-

86 2580 222 2654 ciantur‚
245 2577 333 2659 plura
354 2575 403 2638 btc
423 2581 495 2638 sunt
517 2574 555 2638 dc
580 2576 841 2678 benedictionibus
867 2578 1055 2662 adjicienda;

88 2669 211 2750 itaqua·

500 2815 585 2888 ART.
609 2815 646 2878 ll.

409 2967 447 3015 ΒΕ
467 2967 738 3016 Buuunlcmomaus

124 3110 195 3171 'lob
210 3108 291 3167 -t·
305 3102 458 3166 Benedict
438 3109 554 3180 tiones,
569 3101 607 3164 de
621 3101 730 3182 quibus
745 3101 793 3164 bto
807 3103 919 3184 agitur,
933 3115 1002 3168 sunt
1016 3127 1058 3170 cac

91 3216 154 3278 que
168 3195 295 3258 riominc
304 3192 514 3256 etauctoritate
524 3191 667 3254 Ecclesiae
681 3193 698 3252 a
712 3192 856 3256 ministris
865 3195 957 3258 sacris
970 3195 1057 3278 fiunt,

92 3285 123 3349 ad
137 3283 317 3368 applicanda
330 3282 436 3344 merita
447 3280 553 3343 Christi
565 3284 596 3343 et
608 3276 750 3344 Ecclesiae
764 3301 878 3362 preces.

125 3388 156 3446 2·
177 3383 236 3446 Pro
249 3378 510 3444 benedictionibus
524 3377 735 3460 impendendis
747 3380 812 3440 oilli
826 3383 880 3444 soli
894 3382 961 3446 libii
974 3384 1063 3446 adhi·
1133 3419 1135 3426 ·

96 3471 217 3536 «bendi
247 3468 345 3553 (sunt)
364 3475 394 3530 et
421 3468 453 3530 in
480 3468 538 3529 illis
560 3469 679 3529 tantbm
707 3469 968 3535 Benedictionibus
991 3493 1059 3554 quaa

96 3585 109 3620 a
127 3559 248 3624 Riluali
261 3561 394 3622 Romano
406 3561 477 3619 sunt
489 3557 687 3619 conformes»
703 3573 712 3618 t
726 3557 765 3618 ita
780 3559 812 3620 S.
828 3559 860 3621 C.
875 3561 947 3635 lut„
962 3566 980 3623 7
993 3569 1066 3642 opn'

93 3654 175 3715 {aaa
193 3651 256 3712 Nec
277 3648 346 3710 licet
370 3646 412 3708 uti
437 3645 608 3720 Brevioriis‚
624 3643 795 3708 blissalibus
819 3646 944 3727 aliisque
970 3647 1060 3724 hujus

94 3740 207 3821 perieris
216 3738 312 3801 sacris
323 3735 407 3796 tibris
421 3734 471 3815 qni
488 3751 548 3795 non
560 3751 621 3813 prae
634 3752 666 3795 sc
678 3739 777 3800 terant
789 3736 944 3815 requisitas
954 3736 971 3795 a
981 3735 1058 3794 Pon·
