<?xml version="1.0" encoding="UTF-8"?>
<!DOCTYPE html PUBLIC "-//W3C//DTD XHTML 1.0 Transitional//EN"
    "http://www.w3.org/TR/xhtml1/DTD/xhtml1-transitional.dtd">
<html xmlns="http://www.w3.org/1999/xhtml" xml:lang="en" lang="en">
 <head>
  <title>
</title>
<meta http-equiv="Content-Type" content="text/html;charset=utf-8" />
  <meta name='ocr-system' content='tesseract 3.04.00' />
  <meta name='ocr-capabilities' content='ocr_page ocr_carea ocr_par ocr_line ocrx_word'/>
</head>
<body>
  <div class='ocr_page' id='page_1' title='image "./elementajurisca00craigoog_0187.png"; bbox 0 0 2574 4198; ppageno 0'>
   <div class='ocr_carea' id='block_1_1' title="bbox 236 274 931 338">
    <p class='ocr_par' dir='ltr' id='par_1_1' title="bbox 236 274 931 338">
     <span class='ocr_line' id='line_1_1' title="bbox 236 274 931 338; baseline 0.003 -6"><span class='ocrx_word' id='word_1_1' title='bbox 236 274 294 333; x_wconf 76' lang='grc'>670</span> <span class='ocrx_word' id='word_1_2' title='bbox 507 291 659 338; x_wconf 74' lang='lat' dir='ltr'>restinxit</span> <span class='ocrx_word' id='word_1_3' title='bbox 681 291 763 336; x_wconf 78' lang='lat' dir='ltr'>tonis</span> <span class='ocrx_word' id='word_1_4' title='bbox 785 289 931 336; x_wconf 75' lang='lat' dir='ltr'>cascum.</span> 
     </span>
    </p>
   </div>
   <div class='ocr_carea' id='block_1_2' title="bbox 162 385 1210 3862">
    <p class='ocr_par' dir='ltr' id='par_1_2' title="bbox 235 385 1200 560">
     <span class='ocr_line' id='line_1_2' title="bbox 235 385 1200 470; baseline 0.007 -28"><span class='ocrx_word' id='word_1_5' title='bbox 235 405 254 442; x_wconf 77' lang='lat' dir='ltr'>a</span> <span class='ocrx_word' id='word_1_6' title='bbox 275 389 417 450; x_wconf 72' lang='lat' dir='ltr'>mensure</span> <span class='ocrx_word' id='word_1_7' title='bbox 432 390 561 470; x_wconf 89' lang='lat' dir='ltr'>pcccati,</span> <span class='ocrx_word' id='word_1_8' title='bbox 578 389 633 451; x_wconf 87' lang='lat' dir='ltr'>erit</span> <span class='ocrx_word' id='word_1_9' title='bbox 646 395 676 452; x_wconf 90' lang='lat' dir='ltr'>et</span> <span class='ocrx_word' id='word_1_10' title='bbox 688 389 844 470; x_wconf 86' lang='lat' dir='ltr'>plagarum</span> <span class='ocrx_word' id='word_1_11' title='bbox 856 387 964 450; x_wconf 90' lang='lat' dir='ltr'>modus</span> <span class='ocrx_word' id='word_1_12' title='bbox 974 407 1004 462; x_wconf 84' lang='lat' dir='ltr'>n,</span> <span class='ocrx_word' id='word_1_13' title='bbox 1020 385 1119 468; x_wconf 91' lang='lat' dir='ltr'>inquit</span> <span class='ocrx_word' id='word_1_14' title='bbox 1131 389 1200 448; x_wconf 85' lang='lat' dir='ltr'>Dcu·</span> 
     </span>
     <span class='ocr_line' id='line_1_3' title="bbox 235 477 701 560; baseline 0.019 -28"><span class='ocrx_word' id='word_1_15' title='bbox 235 477 438 539; x_wconf 89' lang='lat' dir='ltr'>teronomium</span> <span class='ocrx_word' id='word_1_16' title='bbox 453 482 530 560; x_wconf 89' lang='lat' dir='ltr'>(cap.</span> <span class='ocrx_word' id='word_1_17' title='bbox 548 482 597 555; x_wconf 76' lang='lat'>25,</span> <span class='ocrx_word' id='word_1_18' title='bbox 613 497 641 540; x_wconf 92' lang='lat' dir='ltr'>v.</span> <span class='ocrx_word' id='word_1_19' title='bbox 658 479 701 560; x_wconf 72' lang='lat'>2).</span> 
     </span>
    </p>

    <p class='ocr_par' dir='ltr' id='par_1_3' title="bbox 274 563 1202 650">
     <span class='ocr_line' id='line_1_4' title="bbox 274 563 1202 650; baseline 0.009 -28"><span class='ocrx_word' id='word_1_20' title='bbox 274 563 447 646; x_wconf 89' lang='lat' dir='ltr'>Multiplicis</span> <span class='ocrx_word' id='word_1_21' title='bbox 467 568 588 648; x_wconf 77' lang='lat' dir='ltr'>generis</span> <span class='ocrx_word' id='word_1_22' title='bbox 600 575 671 629; x_wconf 89' lang='lat' dir='ltr'>sunt</span> <span class='ocrx_word' id='word_1_23' title='bbox 684 587 804 648; x_wconf 84' lang='lat' dir='ltr'>poenae:</span> <span class='ocrx_word' id='word_1_24' title='bbox 822 573 852 630; x_wconf 83' lang='lat' dir='ltr'>l⁰</span> <span class='ocrx_word' id='word_1_25' title='bbox 867 566 931 630; x_wconf 87' lang='lat' dir='ltr'>aliae</span> <span class='ocrx_word' id='word_1_26' title='bbox 950 572 1022 630; x_wconf 90' lang='lat' dir='ltr'>sunt</span> <span class='ocrx_word' id='word_1_27' title='bbox 1040 568 1137 650; x_wconf 82' lang='lat' dir='ltr'>djarc</span> <span class='ocrx_word' id='word_1_28' title='bbox 1150 571 1202 630; x_wconf 79' lang='lat' dir='ltr'>etl</span> 
     </span>
    </p>

    <p class='ocr_par' dir='ltr' id='par_1_4' title="bbox 180 650 1205 916">
     <span class='ocr_line' id='line_1_5' title="bbox 234 650 1205 738; baseline 0.012 -30"><span class='ocrx_word' id='word_1_29' title='bbox 234 650 299 730; x_wconf 87' lang='lat' dir='ltr'>tege</span> <span class='ocrx_word' id='word_1_30' title='bbox 314 652 463 731; x_wconf 85' lang='lat' dir='ltr'>seruntur,</span> <span class='ocrx_word' id='word_1_31' title='bbox 475 663 682 738; x_wconf 79' lang='lat' dir='ltr'>vocanturque</span> <span class='ocrx_word' id='word_1_32' title='bbox 695 656 876 734; x_wconf 78' lang='lat' dir='ltr'>ordinorioe3</span> <span class='ocrx_word' id='word_1_33' title='bbox 887 657 952 720; x_wconf 81' lang='lat' dir='ltr'>aliae</span> <span class='ocrx_word' id='word_1_34' title='bbox 964 663 1036 720; x_wconf 91' lang='lat' dir='ltr'>sunt</span> <span class='ocrx_word' id='word_1_35' title='bbox 1047 657 1086 718; x_wconf 85' lang='lat' dir='ltr'>ob</span> <span class='ocrx_word' id='word_1_36' title='bbox 1099 659 1205 720; x_wconf 79' lang='lat' dir='ltr'>domine</span> 
     </span>
     <span class='ocr_line' id='line_1_6' title="bbox 180 746 1204 830; baseline 0.01 -30"><span class='ocrx_word' id='word_1_37' title='bbox 180 755 183 762; x_wconf 75' lang='grc'><em>’</em></span> <span class='ocrx_word' id='word_1_38' title='bbox 234 746 262 800; x_wconf 85' lang='lat' dir='ltr'>et</span> <span class='ocrx_word' id='word_1_39' title='bbox 286 759 338 820; x_wconf 88' lang='lat' dir='ltr'>per</span> <span class='ocrx_word' id='word_1_40' title='bbox 358 747 537 808; x_wconf 86' lang='lat' dir='ltr'>sententiam</span> <span class='ocrx_word' id='word_1_41' title='bbox 562 753 612 808; x_wconf 90' lang='lat' dir='ltr'>aut</span> <span class='ocrx_word' id='word_1_42' title='bbox 626 765 680 828; x_wconf 91' lang='lat' dir='ltr'>per</span> <span class='ocrx_word' id='word_1_43' title='bbox 695 747 872 810; x_wconf 85' lang='lat' dir='ltr'>mandatum</span> <span class='ocrx_word' id='word_1_44' title='bbox 885 747 1091 809; x_wconf 81' lang='lat' dir='ltr'>transitor-rum</span> <span class='ocrx_word' id='word_1_45' title='bbox 1109 749 1204 830; x_wconf 90' lang='lat' dir='ltr'>impo-</span> 
     </span>
     <span class='ocr_line' id='line_1_7' title="bbox 234 831 1062 916; baseline 0.014 -29"><span class='ocrx_word' id='word_1_46' title='bbox 234 835 369 908; x_wconf 81' lang='lat' dir='ltr'>nuntur3</span> <span class='ocrx_word' id='word_1_47' title='bbox 386 831 559 913; x_wconf 90' lang='lat' dir='ltr'>hujusmodi</span> <span class='ocrx_word' id='word_1_48' title='bbox 574 853 672 916; x_wconf 84' lang='lat' dir='ltr'>poenae</span> <span class='ocrx_word' id='word_1_49' title='bbox 686 836 863 900; x_wconf 74' lang='lat' dir='ltr'>arbitrario&gt;</span> <span class='ocrx_word' id='word_1_50' title='bbox 875 836 1028 901; x_wconf 91' lang='lat' dir='ltr'>dicuntur.</span> <span class='ocrx_word' id='word_1_51' title='bbox 1056 845 1062 858; x_wconf 85' lang='lat'>&#39;</span> 
     </span>
    </p>

    <p class='ocr_par' dir='ltr' id='par_1_5' title="bbox 233 923 1205 1253">
     <span class='ocr_line' id='line_1_8' title="bbox 272 923 1205 1011; baseline 0.016 -32"><span class='ocrx_word' id='word_1_52' title='bbox 272 923 304 979; x_wconf 72' lang='lat'>2⁰</span> <span class='ocrx_word' id='word_1_53' title='bbox 326 923 401 986; x_wconf 86' lang='lat' dir='ltr'>Aliae</span> <span class='ocrx_word' id='word_1_54' title='bbox 423 935 493 986; x_wconf 90' lang='lat' dir='ltr'>sunt</span> <span class='ocrx_word' id='word_1_55' title='bbox 510 925 594 998; x_wconf 78' lang='lat' dir='ltr'>latre,</span> <span class='ocrx_word' id='word_1_56' title='bbox 617 926 682 988; x_wconf 85' lang='lat' dir='ltr'>aliae</span> <span class='ocrx_word' id='word_1_57' title='bbox 702 927 830 1008; x_wconf 74' lang='lat' dir='ltr'>serendae</span> <span class='ocrx_word' id='word_1_58' title='bbox 843 929 1014 1004; x_wconf 55' lang='lat' dir='ltr'>centenam</span> <span class='ocrx_word' id='word_1_59' title='bbox 1039 929 1071 990; x_wconf 92' lang='lat' dir='ltr'>in</span> <span class='ocrx_word' id='word_1_60' title='bbox 1096 931 1205 1011; x_wconf 78' lang='lat' dir='ltr'>priores</span> 
     </span>
     <span class='ocr_line' id='line_1_9' title="bbox 233 1011 1205 1102; baseline 0.019 -36"><span class='ocrx_word' id='word_1_61' title='bbox 233 1025 303 1068; x_wconf 90' lang='lat' dir='ltr'>reus</span> <span class='ocrx_word' id='word_1_62' title='bbox 325 1011 428 1073; x_wconf 79' lang='lat' dir='ltr'>incidit</span> <span class='ocrx_word' id='word_1_63' title='bbox 450 1032 485 1076; x_wconf 91' lang='lat' dir='ltr'>eo</span> <span class='ocrx_word' id='word_1_64' title='bbox 508 1015 574 1094; x_wconf 90' lang='lat' dir='ltr'>ipso</span> <span class='ocrx_word' id='word_1_65' title='bbox 594 1015 674 1095; x_wconf 87' lang='lat' dir='ltr'>qudd</span> <span class='ocrx_word' id='word_1_66' title='bbox 699 1015 842 1078; x_wconf 89' lang='lat' dir='ltr'>delictum</span> <span class='ocrx_word' id='word_1_67' title='bbox 865 1017 1035 1094; x_wconf 83' lang='lat' dir='ltr'>admiserit3</span> <span class='ocrx_word' id='word_1_68' title='bbox 1058 1019 1090 1080; x_wconf 92' lang='lat' dir='ltr'>in</span> <span class='ocrx_word' id='word_1_69' title='bbox 1110 1029 1205 1102; x_wconf 89' lang='lat' dir='ltr'>poste-</span> 
     </span>
     <span class='ocr_line' id='line_1_10' title="bbox 234 1095 1201 1185; baseline 0.023 -32"><span class='ocrx_word' id='word_1_70' title='bbox 234 1095 327 1158; x_wconf 77' lang='lat' dir='ltr'>riores</span> <span class='ocrx_word' id='word_1_71' title='bbox 348 1118 410 1162; x_wconf 90' lang='lat' dir='ltr'>non</span> <span class='ocrx_word' id='word_1_72' title='bbox 434 1103 537 1166; x_wconf 80' lang='lat' dir='ltr'>incidit</span> <span class='ocrx_word' id='word_1_73' title='bbox 557 1104 613 1165; x_wconf 90' lang='lat' dir='ltr'>nisi</span> <span class='ocrx_word' id='word_1_74' title='bbox 633 1103 831 1185; x_wconf 71' lang='lat' dir='ltr'>prosecutura</span> <span class='ocrx_word' id='word_1_75' title='bbox 848 1106 949 1185; x_wconf 75' lang='lat' dir='ltr'>iudice</span> <span class='ocrx_word' id='word_1_76' title='bbox 969 1111 1120 1172; x_wconf 89' lang='lat' dir='ltr'>sententia</span> <span class='ocrx_word' id='word_1_77' title='bbox 1137 1131 1201 1175; x_wconf 90' lang='lat' dir='ltr'>con·</span> 
     </span>
     <span class='ocr_line' id='line_1_11' title="bbox 234 1181 429 1253; baseline 0.056 -11"><span class='ocrx_word' id='word_1_78' title='bbox 234 1181 429 1253; x_wconf 78' lang='lat' dir='ltr'>denrnatoria.</span> 
     </span>
    </p>

    <p class='ocr_par' dir='ltr' id='par_1_6' title="bbox 234 1277 1207 1630">
     <span class='ocr_line' id='line_1_12' title="bbox 273 1277 1206 1370; baseline 0.025 -37"><span class='ocrx_word' id='word_1_79' title='bbox 273 1277 305 1334; x_wconf 73' lang='grc' dir='ltr'>3ο</span> <span class='ocrx_word' id='word_1_80' title='bbox 327 1277 401 1339; x_wconf 85' lang='lat' dir='ltr'>Aliae</span> <span class='ocrx_word' id='word_1_81' title='bbox 423 1287 493 1342; x_wconf 89' lang='lat' dir='ltr'>sunt</span> <span class='ocrx_word' id='word_1_82' title='bbox 518 1283 706 1364; x_wconf 81' lang='lat' dir='ltr'>spirituales,</span> <span class='ocrx_word' id='word_1_83' title='bbox 728 1283 795 1346; x_wconf 85' lang='lat' dir='ltr'>aliae</span> <span class='ocrx_word' id='word_1_84' title='bbox 819 1285 1000 1366; x_wconf 77' lang='lat' dir='ltr'>temporales.</span> <span class='ocrx_word' id='word_1_85' title='bbox 1022 1287 1206 1370; x_wconf 74' lang='lat' dir='ltr'>spirituale</span> 
     </span>
     <span class='ocr_line' id='line_1_13' title="bbox 234 1365 1206 1463; baseline 0.024 -42"><span class='ocrx_word' id='word_1_86' title='bbox 234 1366 325 1423; x_wconf 86' lang='lat' dir='ltr'>sunt:</span> <span class='ocrx_word' id='word_1_87' title='bbox 340 1365 511 1430; x_wconf 86' lang='lat' dir='ltr'>inhabilitas</span> <span class='ocrx_word' id='word_1_88' title='bbox 533 1371 571 1430; x_wconf 91' lang='lat' dir='ltr'>ad</span> <span class='ocrx_word' id='word_1_89' title='bbox 590 1371 686 1434; x_wconf 86' lang='lat' dir='ltr'>officia</span> <span class='ocrx_word' id='word_1_90' title='bbox 706 1372 750 1434; x_wconf 90' lang='lat' dir='ltr'>vel</span> <span class='ocrx_word' id='word_1_91' title='bbox 766 1372 927 1450; x_wconf 87' lang='lat' dir='ltr'>beneficia,</span> <span class='ocrx_word' id='word_1_92' title='bbox 942 1378 1121 1440; x_wconf 86' lang='lat' dir='ltr'>eorumdem</span> <span class='ocrx_word' id='word_1_93' title='bbox 1146 1382 1206 1463; x_wconf 90' lang='lat' dir='ltr'>pri·</span> 
     </span>
     <span class='ocr_line' id='line_1_14' title="bbox 234 1451 1207 1548; baseline 0.028 -39"><span class='ocrx_word' id='word_1_94' title='bbox 234 1451 322 1526; x_wconf 83' lang='lat' dir='ltr'>vatic,</span> <span class='ocrx_word' id='word_1_95' title='bbox 334 1453 495 1535; x_wconf 86' lang='lat' dir='ltr'>depositi0,</span> <span class='ocrx_word' id='word_1_96' title='bbox 511 1458 695 1540; x_wconf 79' lang='lat' dir='ltr'>degradatio,</span> <span class='ocrx_word' id='word_1_97' title='bbox 712 1461 844 1536; x_wconf 82' lang='lat' dir='ltr'>infamia,</span> <span class='ocrx_word' id='word_1_98' title='bbox 858 1468 915 1526; x_wconf 85' lang='lat' dir='ltr'>etc.</span> <span class='ocrx_word' id='word_1_99' title='bbox 934 1464 1122 1548; x_wconf 84' lang='lat' dir='ltr'>Temporales</span> <span class='ocrx_word' id='word_1_100' title='bbox 1139 1475 1207 1536; x_wconf 83' lang='lat' dir='ltr'>vert</span> 
     </span>
     <span class='ocr_line' id='line_1_15' title="bbox 234 1545 1114 1630; baseline 0.027 -32"><span class='ocrx_word' id='word_1_101' title='bbox 234 1546 305 1601; x_wconf 88' lang='lat' dir='ltr'>sunt</span> <span class='ocrx_word' id='word_1_102' title='bbox 320 1561 327 1602; x_wconf 90' lang='lat'><strong>:</strong></span> <span class='ocrx_word' id='word_1_103' title='bbox 344 1545 458 1607; x_wconf 86' lang='lat' dir='ltr'>mulcta</span> <span class='ocrx_word' id='word_1_104' title='bbox 472 1549 662 1627; x_wconf 88' lang='lat' dir='ltr'>pecuniaria,</span> <span class='ocrx_word' id='word_1_105' title='bbox 679 1550 888 1626; x_wconf 88' lang='lat' dir='ltr'>incarceratio,</span> <span class='ocrx_word' id='word_1_106' title='bbox 904 1554 1041 1630; x_wconf 86' lang='lat' dir='ltr'>exilium,</span> <span class='ocrx_word' id='word_1_107' title='bbox 1055 1565 1114 1622; x_wconf 90' lang='lat' dir='ltr'>etc.</span> 
     </span>
    </p>

    <p class='ocr_par' dir='ltr' id='par_1_7' title="bbox 231 1633 1210 2355">
     <span class='ocr_line' id='line_1_16' title="bbox 272 1633 1207 1730; baseline 0.026 -39"><span class='ocrx_word' id='word_1_108' title='bbox 272 1634 305 1691; x_wconf 71' lang='lat'>4⁰</span> <span class='ocrx_word' id='word_1_109' title='bbox 327 1633 403 1695; x_wconf 82' lang='lat' dir='ltr'>Cum</span> <span class='ocrx_word' id='word_1_110' title='bbox 426 1634 465 1716; x_wconf 85' lang='lat' dir='ltr'>ob</span> <span class='ocrx_word' id='word_1_111' title='bbox 485 1635 636 1716; x_wconf 76' lang='lat' dir='ltr'>duplicem</span> <span class='ocrx_word' id='word_1_112' title='bbox 658 1641 824 1720; x_wconf 77' lang='lat' dir='ltr'>presertim</span> <span class='ocrx_word' id='word_1_113' title='bbox 846 1640 938 1704; x_wconf 80' lang='lat' dir='ltr'>finem</span> <span class='ocrx_word' id='word_1_114' title='bbox 956 1645 1089 1709; x_wconf 78' lang='lat' dir='ltr'>Ecclesia</span> <span class='ocrx_word' id='word_1_115' title='bbox 1104 1669 1207 1730; x_wconf 84' lang='lat' dir='ltr'>poenas</span> 
     </span>
     <span class='ocr_line' id='line_1_17' title="bbox 233 1717 1206 1822; baseline 0.029 -45"><span class='ocrx_word' id='word_1_116' title='bbox 233 1717 366 1801; x_wconf 86' lang='lat' dir='ltr'>tntligat,</span> <span class='ocrx_word' id='word_1_117' title='bbox 383 1742 492 1805; x_wconf 88' lang='lat' dir='ltr'>nempe</span> <span class='ocrx_word' id='word_1_118' title='bbox 506 1725 543 1788; x_wconf 88' lang='lat' dir='ltr'>ad</span> <span class='ocrx_word' id='word_1_119' title='bbox 557 1728 802 1790; x_wconf 72' lang='lat' dir='ltr'>emendationem</span> <span class='ocrx_word' id='word_1_120' title='bbox 816 1729 875 1807; x_wconf 92' lang='lat' dir='ltr'>rei,</span> <span class='ocrx_word' id='word_1_121' title='bbox 897 1737 948 1792; x_wconf 85' lang='lat' dir='ltr'>aut</span> <span class='ocrx_word' id='word_1_122' title='bbox 967 1733 1005 1794; x_wconf 88' lang='lat' dir='ltr'>ad</span> <span class='ocrx_word' id='word_1_123' title='bbox 1020 1735 1139 1800; x_wconf 91' lang='lat' dir='ltr'>bonum</span> <span class='ocrx_word' id='word_1_124' title='bbox 1154 1762 1206 1822; x_wconf 91' lang='lat' dir='ltr'>pu·</span> 
     </span>
     <span class='ocr_line' id='line_1_18' title="bbox 233 1807 1207 1910; baseline 0.028 -43"><span class='ocrx_word' id='word_1_125' title='bbox 233 1807 361 1888; x_wconf 89' lang='lat' dir='ltr'>hlicum,</span> <span class='ocrx_word' id='word_1_126' title='bbox 387 1831 485 1894; x_wconf 86' lang='lat' dir='ltr'>poenae</span> <span class='ocrx_word' id='word_1_127' title='bbox 500 1835 621 1878; x_wconf 89' lang='lat' dir='ltr'>rursum</span> <span class='ocrx_word' id='word_1_128' title='bbox 642 1817 816 1880; x_wconf 91' lang='lat' dir='ltr'>dividuntur</span> <span class='ocrx_word' id='word_1_129' title='bbox 835 1819 867 1880; x_wconf 95' lang='lat' dir='ltr'>in</span> <span class='ocrx_word' id='word_1_130' title='bbox 880 1821 1086 1903; x_wconf 80' lang='lat' dir='ltr'>medicinales,</span> <span class='ocrx_word' id='word_1_131' title='bbox 1104 1832 1207 1910; x_wconf 90' lang='lat' dir='ltr'>quales</span> 
     </span>
     <span class='ocr_line' id='line_1_19' title="bbox 233 1903 1207 1989; baseline 0.028 -33"><span class='ocrx_word' id='word_1_132' title='bbox 233 1905 304 1958; x_wconf 91' lang='lat' dir='ltr'>sunt</span> <span class='ocrx_word' id='word_1_133' title='bbox 321 1903 486 1978; x_wconf 87' lang='lat' dir='ltr'>praesertim</span> <span class='ocrx_word' id='word_1_134' title='bbox 502 1923 649 1980; x_wconf 88' lang='lat' dir='ltr'>censurae,</span> <span class='ocrx_word' id='word_1_135' title='bbox 674 1926 742 1986; x_wconf 84' lang='lat' dir='ltr'>quae</span> <span class='ocrx_word' id='word_1_136' title='bbox 764 1907 832 1968; x_wconf 86' lang='lat' dir='ltr'>ided</span> <span class='ocrx_word' id='word_1_137' title='bbox 854 1908 1003 1989; x_wconf 88' lang='lat' dir='ltr'>imprimis</span> <span class='ocrx_word' id='word_1_138' title='bbox 1017 1913 1158 1980; x_wconf 88' lang='lat' dir='ltr'>feruntur</span> <span class='ocrx_word' id='word_1_139' title='bbox 1175 1929 1207 1983; x_wconf 92' lang='lat' dir='ltr'>ut</span> 
     </span>
     <span class='ocr_line' id='line_1_20' title="bbox 233 1985 1208 2093; baseline 0.029 -49"><span class='ocrx_word' id='word_1_140' title='bbox 233 1985 275 2045; x_wconf 88' lang='lat' dir='ltr'>rei</span> <span class='ocrx_word' id='word_1_141' title='bbox 294 1989 486 2068; x_wconf 80' lang='lat' dir='ltr'>resipiscant3</span> <span class='ocrx_word' id='word_1_142' title='bbox 502 1994 576 2054; x_wconf 88' lang='lat' dir='ltr'>etin</span> <span class='ocrx_word' id='word_1_143' title='bbox 592 1994 799 2093; x_wconf 56' lang='lat' dir='ltr'>vindicativq,</span> <span class='ocrx_word' id='word_1_144' title='bbox 816 1991 885 2078; x_wconf 76' lang='lat' dir='ltr'>quac</span> <span class='ocrx_word' id='word_1_145' title='bbox 900 1998 993 2079; x_wconf 83' lang='lat' dir='ltr'>ipsius</span> <span class='ocrx_word' id='word_1_146' title='bbox 1005 2001 1106 2066; x_wconf 90' lang='lat' dir='ltr'>delicti</span> <span class='ocrx_word' id='word_1_147' title='bbox 1121 2010 1208 2090; x_wconf 92' lang='lat' dir='ltr'>puni·</span> 
     </span>
     <span class='ocr_line' id='line_1_21' title="bbox 232 2073 1210 2168; baseline 0.032 -37"><span class='ocrx_word' id='word_1_148' title='bbox 232 2073 346 2136; x_wconf 86' lang='lat' dir='ltr'>tionem</span> <span class='ocrx_word' id='word_1_149' title='bbox 377 2095 412 2140; x_wconf 88' lang='lat' dir='ltr'>ac</span> <span class='ocrx_word' id='word_1_150' title='bbox 446 2083 664 2160; x_wconf 89' lang='lat' dir='ltr'>repressionem</span> <span class='ocrx_word' id='word_1_151' title='bbox 689 2085 839 2166; x_wconf 76' lang='lat' dir='ltr'>praecipue</span> <span class='ocrx_word' id='word_1_152' title='bbox 862 2089 1043 2168; x_wconf 88' lang='lat' dir='ltr'>respiciunt,</span> <span class='ocrx_word' id='word_1_153' title='bbox 1080 2101 1111 2156; x_wconf 89' lang='lat' dir='ltr'>et</span> <span class='ocrx_word' id='word_1_154' title='bbox 1137 2107 1210 2162; x_wconf 89' lang='lat' dir='ltr'>sunt</span> 
     </span>
     <span class='ocr_line' id='line_1_22' title="bbox 231 2165 1205 2266; baseline 0.029 -44"><span class='ocrx_word' id='word_1_155' title='bbox 231 2181 324 2244; x_wconf 79' lang='lat' dir='ltr'>peace</span> <span class='ocrx_word' id='word_1_156' title='bbox 336 2165 512 2246; x_wconf 89' lang='lat' dir='ltr'>simpliciter</span> <span class='ocrx_word' id='word_1_157' title='bbox 525 2187 577 2230; x_wconf 90' lang='lat' dir='ltr'>seu</span> <span class='ocrx_word' id='word_1_158' title='bbox 593 2191 681 2234; x_wconf 83' lang='lat' dir='ltr'>merce</span> <span class='ocrx_word' id='word_1_159' title='bbox 689 2193 784 2254; x_wconf 83' lang='lat' dir='ltr'>poeooe</span> <span class='ocrx_word' id='word_1_160' title='bbox 800 2193 807 2234; x_wconf 93' lang='lat'><strong>:</strong></span> <span class='ocrx_word' id='word_1_161' title='bbox 820 2175 903 2252; x_wconf 77' lang='lat' dir='ltr'>Juxta</span> <span class='ocrx_word' id='word_1_162' title='bbox 918 2175 995 2239; x_wconf 86' lang='lat' dir='ltr'>hanc</span> <span class='ocrx_word' id='word_1_163' title='bbox 1007 2179 1205 2266; x_wconf 89' lang='lat' dir='ltr'>divisionem,</span> 
     </span>
     <span class='ocr_line' id='line_1_23' title="bbox 232 2254 1206 2355; baseline 0.029 -45"><span class='ocrx_word' id='word_1_164' title='bbox 232 2254 387 2322; x_wconf 80' lang='lat' dir='ltr'>ntateriam</span> <span class='ocrx_word' id='word_1_165' title='bbox 410 2275 569 2336; x_wconf 84' lang='lat' dir='ltr'>poenarum</span> <span class='ocrx_word' id='word_1_166' title='bbox 592 2261 755 2341; x_wconf 86' lang='lat' dir='ltr'>partiemur</span> <span class='ocrx_word' id='word_1_167' title='bbox 775 2263 806 2323; x_wconf 91' lang='lat' dir='ltr'>in</span> <span class='ocrx_word' id='word_1_168' title='bbox 830 2263 891 2325; x_wconf 89' lang='lat' dir='ltr'>duo</span> <span class='ocrx_word' id='word_1_169' title='bbox 913 2266 1024 2346; x_wconf 86' lang='lat' dir='ltr'>capita,</span> <span class='ocrx_word' id='word_1_170' title='bbox 1046 2280 1206 2355; x_wconf 85' lang='lat' dir='ltr'>postquem</span> 
     </span>
    </p>

    <p class='ocr_par' dir='ltr' id='par_1_8' title="bbox 162 2345 1206 2510">
     <span class='ocr_line' id='line_1_24' title="bbox 162 2345 1206 2434; baseline 0.026 -35"><span class='ocrx_word' id='word_1_171' title='bbox 162 2401 166 2412; x_wconf 71' lang='grc'><em>,</em></span> <span class='ocrx_word' id='word_1_172' title='bbox 231 2345 494 2425; x_wconf 63' lang='grc' dir='ltr'>ιᾶηιεηᾳυειεάειη</span> <span class='ocrx_word' id='word_1_173' title='bbox 509 2348 691 2428; x_wconf 69' lang='lat' dir='ltr'>questiones</span> <span class='ocrx_word' id='word_1_174' title='bbox 709 2352 863 2432; x_wconf 83' lang='lat' dir='ltr'>generales</span> <span class='ocrx_word' id='word_1_175' title='bbox 883 2355 1130 2434; x_wconf 82' lang='lat' dir='ltr'>expenderimus.</span> <span class='ocrx_word' id='word_1_176' title='bbox 1146 2366 1206 2425; x_wconf 87' lang='lat' dir='ltr'>Ila-</span> 
     </span>
     <span class='ocr_line' id='line_1_25' title="bbox 232 2447 314 2510; baseline -0.012 -18"><span class='ocrx_word' id='word_1_177' title='bbox 232 2447 314 2510; x_wconf 90' lang='lat' dir='ltr'>que:</span> 
     </span>
    </p>

    <p class='ocr_par' dir='ltr' id='par_1_9' title="bbox 230 2524 1207 2760">
     <span class='ocr_line' id='line_1_26' title="bbox 270 2524 1207 2606; baseline 0.025 -23"><span class='ocrx_word' id='word_1_178' title='bbox 270 2524 339 2584; x_wconf 72' lang='lat'>802.</span> <span class='ocrx_word' id='word_1_179' title='bbox 366 2524 489 2595; x_wconf 88' lang='lat' dir='ltr'>Ouaerit.</span> <span class='ocrx_word' id='word_1_180' title='bbox 517 2527 547 2586; x_wconf 79' lang='lat' dir='ltr'>t⁰</span> <span class='ocrx_word' id='word_1_181' title='bbox 562 2528 608 2586; x_wconf 81' lang='lat' dir='ltr'>An</span> <span class='ocrx_word' id='word_1_182' title='bbox 628 2546 697 2590; x_wconf 86' lang='lat' dir='ltr'>reus</span> <span class='ocrx_word' id='word_1_183' title='bbox 714 2533 852 2592; x_wconf 88' lang='lat' dir='ltr'>teneatur</span> <span class='ocrx_word' id='word_1_184' title='bbox 874 2530 905 2592; x_wconf 94' lang='lat' dir='ltr'>in</span> <span class='ocrx_word' id='word_1_185' title='bbox 927 2535 1114 2601; x_wconf 71' lang='lat' dir='ltr'>conscientie</span> <span class='ocrx_word' id='word_1_186' title='bbox 1133 2559 1207 2606; x_wconf 84' lang='lat' dir='ltr'>exe·</span> 
     </span>
     <span class='ocr_line' id='line_1_27' title="bbox 231 2611 1207 2702; baseline 0.027 -33"><span class='ocrx_word' id='word_1_187' title='bbox 231 2611 283 2689; x_wconf 89' lang='lat' dir='ltr'>qui</span> <span class='ocrx_word' id='word_1_188' title='bbox 306 2629 427 2690; x_wconf 76' lang='lat' dir='ltr'>poenam</span> <span class='ocrx_word' id='word_1_189' title='bbox 449 2612 515 2676; x_wconf 81' lang='lat' dir='ltr'>latae</span> <span class='ocrx_word' id='word_1_190' title='bbox 529 2617 702 2691; x_wconf 88' lang='lat' dir='ltr'>sententiae,</span> <span class='ocrx_word' id='word_1_191' title='bbox 727 2623 796 2679; x_wconf 86' lang='lat' dir='ltr'>ante</span> <span class='ocrx_word' id='word_1_192' title='bbox 810 2637 934 2683; x_wconf 91' lang='lat' dir='ltr'>omnem</span> <span class='ocrx_word' id='word_1_193' title='bbox 953 2623 1064 2702; x_wconf 86' lang='lat' dir='ltr'>judicis</span> <span class='ocrx_word' id='word_1_194' title='bbox 1082 2635 1207 2694; x_wconf 87' lang='lat' dir='ltr'>senten·</span> 
     </span>
     <span class='ocr_line' id='line_1_28' title="bbox 230 2698 328 2760; baseline 0.031 -3"><span class='ocrx_word' id='word_1_195' title='bbox 230 2698 328 2760; x_wconf 79' lang='lat' dir='ltr'>tiam?</span> 
     </span>
    </p>

    <p class='ocr_par' dir='ltr' id='par_1_10' title="bbox 230 2789 1205 3058">
     <span class='ocr_line' id='line_1_29' title="bbox 270 2789 1205 2890; baseline 0.027 -42"><span class='ocrx_word' id='word_1_196' title='bbox 270 2789 541 2870; x_wconf 86' lang='lat' dir='ltr'>Resp.Geucrntim</span> <span class='ocrx_word' id='word_1_197' title='bbox 551 2794 1205 2890; x_wconf 75' lang='lat' dir='ltr'>DD.concedunt,JuxtcSuareztDeLeqib,</span> 
     </span>
     <span class='ocr_line' id='line_1_30' title="bbox 230 2875 1203 2979; baseline 0.025 -41"><span class='ocrx_word' id='word_1_198' title='bbox 230 2875 282 2939; x_wconf 91' lang='lat' dir='ltr'>lib.</span> <span class='ocrx_word' id='word_1_199' title='bbox 295 2883 324 2951; x_wconf 90' lang='lat'>5,</span> <span class='ocrx_word' id='word_1_200' title='bbox 338 2877 376 2939; x_wconf 73' lang='lat' dir='ltr'>nl·</span> <span class='ocrx_word' id='word_1_201' title='bbox 386 2885 415 2954; x_wconf 59' lang='grc' dir='ltr'>ἓ,</span> <span class='ocrx_word' id='word_1_202' title='bbox 429 2884 458 2954; x_wconf 90' lang='grc'>3,</span> <span class='ocrx_word' id='word_1_203' title='bbox 472 2885 520 2960; x_wconf 75' lang='grc'>15,</span> <span class='ocrx_word' id='word_1_204' title='bbox 536 2881 598 2963; x_wconf 82' lang='lat' dir='ltr'>re),</span> <span class='ocrx_word' id='word_1_205' title='bbox 612 2901 745 2964; x_wconf 87' lang='lat' dir='ltr'>poenam,</span> <span class='ocrx_word' id='word_1_206' title='bbox 756 2904 824 2966; x_wconf 85' lang='lat' dir='ltr'>quae</span> <span class='ocrx_word' id='word_1_207' title='bbox 835 2905 897 2948; x_wconf 92' lang='lat' dir='ltr'>non</span> <span class='ocrx_word' id='word_1_208' title='bbox 911 2899 989 2952; x_wconf 88' lang='lat' dir='ltr'>esset</span> <span class='ocrx_word' id='word_1_209' title='bbox 999 2895 1203 2979; x_wconf 82' lang='lat' dir='ltr'>nimisardua,</span> 
     </span>
     <span class='ocr_line' id='line_1_31' title="bbox 230 2961 1203 3058; baseline 0.023 -29"><span class='ocrx_word' id='word_1_210' title='bbox 230 2961 318 3048; x_wconf 86' lang='lat' dir='ltr'>posse</span> <span class='ocrx_word' id='word_1_211' title='bbox 330 2971 346 3028; x_wconf 79' lang='lat' dir='ltr'>a</span> <span class='ocrx_word' id='word_1_212' title='bbox 360 2969 526 3050; x_wconf 81' lang='lat' dir='ltr'>legislatore</span> <span class='ocrx_word' id='word_1_213' title='bbox 541 2971 591 3032; x_wconf 85' lang='lat' dir='ltr'>tali</span> <span class='ocrx_word' id='word_1_214' title='bbox 606 2973 697 3034; x_wconf 90' lang='lat' dir='ltr'>modo</span> <span class='ocrx_word' id='word_1_215' title='bbox 712 2992 764 3035; x_wconf 90' lang='lat' dir='ltr'>reo</span> <span class='ocrx_word' id='word_1_216' title='bbox 778 2975 911 3058; x_wconf 91' lang='lat' dir='ltr'>imponi,</span> <span class='ocrx_word' id='word_1_217' title='bbox 927 2985 975 3055; x_wconf 89' lang='lat' dir='ltr'>ut,</span> <span class='ocrx_word' id='word_1_218' title='bbox 991 2989 1061 3042; x_wconf 88' lang='lat' dir='ltr'>ante</span> <span class='ocrx_word' id='word_1_219' title='bbox 1079 3003 1203 3050; x_wconf 88' lang='lat' dir='ltr'>omnem</span> 
     </span>
    </p>

    <p class='ocr_par' dir='ltr' id='par_1_11' title="bbox 198 3057 1203 3155">
     <span class='ocr_line' id='line_1_32' title="bbox 198 3057 1203 3155; baseline 0.023 -38"><span class='ocrx_word' id='word_1_220' title='bbox 198 3112 202 3117; x_wconf 86' lang='lat'>.</span> <span class='ocrx_word' id='word_1_221' title='bbox 230 3057 423 3132; x_wconf 86' lang='lat' dir='ltr'>sententiam,</span> <span class='ocrx_word' id='word_1_222' title='bbox 443 3059 568 3138; x_wconf 86' lang='lat' dir='ltr'>ipsemet</span> <span class='ocrx_word' id='word_1_223' title='bbox 586 3065 724 3123; x_wconf 85' lang='lat' dir='ltr'>teneatur</span> <span class='ocrx_word' id='word_1_224' title='bbox 737 3063 817 3124; x_wconf 86' lang='lat' dir='ltr'>illam</span> <span class='ocrx_word' id='word_1_225' title='bbox 837 3067 945 3147; x_wconf 78' lang='lat' dir='ltr'>exequi</span> <span class='ocrx_word' id='word_1_226' title='bbox 962 3086 1024 3131; x_wconf 85' lang='lat' dir='ltr'>:an</span> <span class='ocrx_word' id='word_1_227' title='bbox 1036 3079 1144 3155; x_wconf 71' lang='lat' dir='ltr'>⁴autem</span> <span class='ocrx_word' id='word_1_228' title='bbox 1161 3077 1203 3141; x_wconf 89' lang='lat' dir='ltr'>sic</span> 
     </span>
    </p>

    <p class='ocr_par' dir='ltr' id='par_1_12' title="bbox 195 3127 1203 3586">
     <span class='ocr_line' id='line_1_33' title="bbox 195 3127 1202 3243; baseline 0.023 -38"><span class='ocrx_word' id='word_1_229' title='bbox 195 3127 355 3208; x_wconf 51' lang='lat' dir='ltr'>&#39;voluerit</span> <span class='ocrx_word' id='word_1_230' title='bbox 370 3145 519 3225; x_wconf 88' lang='lat' dir='ltr'>legislator</span> <span class='ocrx_word' id='word_1_231' title='bbox 530 3165 634 3228; x_wconf 88' lang='lat' dir='ltr'>poenas</span> <span class='ocrx_word' id='word_1_232' title='bbox 649 3167 686 3211; x_wconf 87' lang='lat' dir='ltr'>eo</span> <span class='ocrx_word' id='word_1_233' title='bbox 700 3151 791 3213; x_wconf 91' lang='lat' dir='ltr'>modo</span> <span class='ocrx_word' id='word_1_234' title='bbox 807 3153 959 3218; x_wconf 75' lang='lat' dir='ltr'>ordinarie</span> <span class='ocrx_word' id='word_1_235' title='bbox 972 3158 1144 3243; x_wconf 87' lang='lat' dir='ltr'>imponere,</span> <span class='ocrx_word' id='word_1_236' title='bbox 1155 3165 1202 3229; x_wconf 84' lang='lat' dir='ltr'>hic</span> 
     </span>
     <span class='ocr_line' id='line_1_34' title="bbox 230 3235 401 3314; baseline 0 -20"><span class='ocrx_word' id='word_1_237' title='bbox 230 3235 401 3314; x_wconf 86' lang='lat' dir='ltr'>inquiritur.</span> 
     </span>
     <span class='ocr_line' id='line_1_35' title="bbox 224 3323 1203 3423; baseline 0.025 -40"><span class='ocrx_word' id='word_1_238' title='bbox 224 3349 228 3372; x_wconf 67' lang='grc' dir='ltr'><strong><em>ι</em></strong></span> <span class='ocrx_word' id='word_1_239' title='bbox 268 3323 456 3384; x_wconf 80' lang='lat' dir='ltr'>concordant</span> <span class='ocrx_word' id='word_1_240' title='bbox 467 3324 630 3388; x_wconf 87' lang='lat' dir='ltr'>canonistae</span> <span class='ocrx_word' id='word_1_241' title='bbox 644 3327 725 3407; x_wconf 78' lang='lat' dir='ltr'>quod</span> <span class='ocrx_word' id='word_1_242' title='bbox 739 3329 763 3390; x_wconf 92' lang='lat' dir='ltr'>si</span> <span class='ocrx_word' id='word_1_243' title='bbox 775 3331 901 3411; x_wconf 86' lang='lat' dir='ltr'>quaestio</span> <span class='ocrx_word' id='word_1_244' title='bbox 914 3334 952 3396; x_wconf 89' lang='lat' dir='ltr'>sit</span> <span class='ocrx_word' id='word_1_245' title='bbox 966 3334 1004 3398; x_wconf 89' lang='lat' dir='ltr'>de</span> <span class='ocrx_word' id='word_1_246' title='bbox 1015 3340 1116 3418; x_wconf 86' lang='lat' dir='ltr'>poenis</span> <span class='ocrx_word' id='word_1_247' title='bbox 1129 3344 1203 3423; x_wconf 84' lang='lat' dir='ltr'>posi</span> 
     </span>
     <span class='ocr_line' id='line_1_36' title="bbox 228 3411 1200 3510; baseline 0.023 -37"><span class='ocrx_word' id='word_1_248' title='bbox 228 3412 311 3485; x_wconf 86' lang='lat' dir='ltr'>ttvis,</span> <span class='ocrx_word' id='word_1_249' title='bbox 334 3429 388 3474; x_wconf 90' lang='lat' dir='ltr'>seu</span> <span class='ocrx_word' id='word_1_250' title='bbox 411 3411 448 3474; x_wconf 93' lang='lat' dir='ltr'>de</span> <span class='ocrx_word' id='word_1_251' title='bbox 471 3414 569 3494; x_wconf 78' lang='lat' dir='ltr'>poenis</span> <span class='ocrx_word' id='word_1_252' title='bbox 592 3433 661 3496; x_wconf 86' lang='lat' dir='ltr'>quae</span> <span class='ocrx_word' id='word_1_253' title='bbox 680 3417 847 3487; x_wconf 86' lang='lat' dir='ltr'>consistunt</span> <span class='ocrx_word' id='word_1_254' title='bbox 869 3420 900 3482; x_wconf 94' lang='lat' dir='ltr'>in</span> <span class='ocrx_word' id='word_1_255' title='bbox 915 3423 1200 3510; x_wconf 79' lang='lat' dir='ltr'>actionepositivt,</span> 
     </span>
     <span class='ocr_line' id='line_1_37' title="bbox 228 3499 1196 3586; baseline 0.022 -24"><span class='ocrx_word' id='word_1_256' title='bbox 228 3517 255 3562; x_wconf 71' lang='lat' dir='ltr'>v,</span> <span class='ocrx_word' id='word_1_257' title='bbox 271 3519 315 3582; x_wconf 92' lang='lat' dir='ltr'>g.,</span> <span class='ocrx_word' id='word_1_258' title='bbox 330 3499 442 3581; x_wconf 86' lang='lat' dir='ltr'>aliquid</span> <span class='ocrx_word' id='word_1_259' title='bbox 463 3503 623 3582; x_wconf 84' lang='lat' dir='ltr'>praestandi</span> <span class='ocrx_word' id='word_1_260' title='bbox 643 3511 694 3565; x_wconf 89' lang='lat' dir='ltr'>aut</span> <span class='ocrx_word' id='word_1_261' title='bbox 714 3506 866 3586; x_wconf 89' lang='lat' dir='ltr'>patiendi,</span> <span class='ocrx_word' id='word_1_262' title='bbox 891 3529 962 3574; x_wconf 88' lang='lat' dir='ltr'>reus</span> <span class='ocrx_word' id='word_1_263' title='bbox 983 3531 1044 3575; x_wconf 91' lang='lat' dir='ltr'>non</span> <span class='ocrx_word' id='word_1_264' title='bbox 1065 3523 1196 3584; x_wconf 75' lang='lat' dir='ltr'>teneatur</span> 
     </span>
    </p>

    <p class='ocr_par' dir='ltr' id='par_1_13' title="bbox 199 3576 1200 3862">
     <span class='ocr_line' id='line_1_38' title="bbox 199 3576 1200 3688; baseline 0.025 -40"><span class='ocrx_word' id='word_1_265' title='bbox 199 3576 293 3674; x_wconf 68' lang='lat' dir='ltr'>¹tillus</span> <span class='ocrx_word' id='word_1_266' title='bbox 310 3590 419 3670; x_wconf 82' lang='lat' dir='ltr'>exequi</span> <span class='ocrx_word' id='word_1_267' title='bbox 438 3597 509 3652; x_wconf 90' lang='lat' dir='ltr'>ante</span> <span class='ocrx_word' id='word_1_268' title='bbox 524 3593 705 3653; x_wconf 86' lang='lat' dir='ltr'>sententiam</span> <span class='ocrx_word' id='word_1_269' title='bbox 725 3593 968 3676; x_wconf 87' lang='lat' dir='ltr'>declaratoriam,</span> <span class='ocrx_word' id='word_1_270' title='bbox 984 3603 1039 3664; x_wconf 89' lang='lat' dir='ltr'>etsi</span> <span class='ocrx_word' id='word_1_271' title='bbox 1057 3605 1124 3686; x_wconf 89' lang='lat' dir='ltr'>ipso</span> <span class='ocrx_word' id='word_1_272' title='bbox 1134 3611 1200 3688; x_wconf 87' lang='lat' dir='ltr'>jure</span> 
     </span>
     <span class='ocr_line' id='line_1_39' title="bbox 227 3677 1199 3778; baseline 0.023 -39"><span class='ocrx_word' id='word_1_273' title='bbox 227 3678 286 3739; x_wconf 90' lang='lat' dir='ltr'>sint</span> <span class='ocrx_word' id='word_1_274' title='bbox 303 3677 370 3740; x_wconf 87' lang='lat' dir='ltr'>latae</span> <span class='ocrx_word' id='word_1_275' title='bbox 385 3696 393 3740; x_wconf 91' lang='lat'><strong>:</strong></span> <span class='ocrx_word' id='word_1_276' title='bbox 410 3679 491 3740; x_wconf 91' lang='lat' dir='ltr'>uude</span> <span class='ocrx_word' id='word_1_277' title='bbox 510 3679 534 3740; x_wconf 94' lang='lat' dir='ltr'>si</span> <span class='ocrx_word' id='word_1_278' title='bbox 555 3679 634 3760; x_wconf 89' lang='lat' dir='ltr'>quis,</span> <span class='ocrx_word' id='word_1_279' title='bbox 656 3680 878 3746; x_wconf 83' lang='lat' dir='ltr'>obsimoniam</span> <span class='ocrx_word' id='word_1_280' title='bbox 898 3693 951 3751; x_wconf 88' lang='lat' dir='ltr'>aut</span> <span class='ocrx_word' id='word_1_281' title='bbox 972 3690 1052 3752; x_wconf 84' lang='lat' dir='ltr'>aliud</span> <span class='ocrx_word' id='word_1_282' title='bbox 1070 3696 1199 3778; x_wconf 87' lang='lat' dir='ltr'>crimen,</span> 
     </span>
     <span class='ocr_line' id='line_1_40' title="bbox 227 3767 1200 3862; baseline 0.025 -35"><span class='ocrx_word' id='word_1_283' title='bbox 227 3767 358 3848; x_wconf 79' lang='lat' dir='ltr'>privetur</span> <span class='ocrx_word' id='word_1_284' title='bbox 371 3771 436 3848; x_wconf 89' lang='lat' dir='ltr'>ipso</span> <span class='ocrx_word' id='word_1_285' title='bbox 450 3767 527 3830; x_wconf 87' lang='lat' dir='ltr'>lacto</span> <span class='ocrx_word' id='word_1_286' title='bbox 544 3767 697 3832; x_wconf 88' lang='lat' dir='ltr'>beneficiis</span> <span class='ocrx_word' id='word_1_287' title='bbox 711 3771 773 3850; x_wconf 84' lang='lat' dir='ltr'>jam</span> <span class='ocrx_word' id='word_1_288' title='bbox 797 3774 944 3856; x_wconf 84' lang='lat' dir='ltr'>obtentis,</span> <span class='ocrx_word' id='word_1_289' title='bbox 964 3783 1131 3862; x_wconf 89' lang='lat' dir='ltr'>requiritur</span> <span class='ocrx_word' id='word_1_290' title='bbox 1153 3787 1200 3852; x_wconf 83' lang='lat' dir='ltr'>de·</span> 
     </span>
    </p>
   </div>
   <div class='ocr_carea' id='block_1_3' title="bbox 0 0 1292 4197">
    <p class='ocr_par' dir='ltr' id='par_1_14' title="bbox 0 0 1292 4197">
     <span class='ocr_line' id='line_1_41' title="bbox 0 0 1292 4197; baseline 0 0"><span class='ocrx_word' id='word_1_291' title='bbox 0 0 1292 4197; x_wconf 95' lang='lat' dir='ltr'> </span> 
     </span>
    </p>
   </div>
  </div>
 </body>
</html>
