2590 4208
486 281 569 325 arnan
590 279 727 326 scurrus.
1070 283 1094 338 p
1119 291 1121 303 ι

116 403 210 468 dictae
219 393 478 480 perturbationis,
495 413 660 478 nunquam
679 395 824 461 Instituta
845 401 990 480 religiosa
1006 412 1094 466 tanta

117 489 287 555 securitate
310 483 444 546 civiliter
467 483 567 564 potita
592 483 680 547 luere
702 493 736 546 ut
759 503 869 550 eorum
893 490 1014 552 eversio
1029 509 1096 554 non

117 587 201 643 esset
214 571 437 648 l'ormidanda3
453 589 559 654 porro,
578 571 633 634 tali
649 571 823 637 infortunio
838 575 1014 652 accidente,
1030 577 1096 641 dii·
1119 623 1121 632 .

118 667 237 732 ficilius
253 678 349 744 quam
366 659 424 723 viri
439 661 500 722 sibi
517 659 682 742 providere
697 669 824 741 possent
841 663 963 728 femine
979 667 1097 730 solem-

123 758 217 820 nibus
239 751 318 815 votis
338 749 504 814 adstrictae.
527 751 624 830 igitur
645 751 722 831 ipsis
741 758 818 814 tunc
832 770 913 835 opus
934 763 1014 816 esset
1029 755 1097 818 uta

120 847 202 910 votis
216 841 431 914 solverentur;
447 839 582 920 proinde
595 839 783 921 expediebat
797 849 833 903 ut
852 841 931 905 rotis
946 842 1100 906 solemni·

121 935 181 996 bus
206 949 270 994 non
294 927 397 990 forent
423 926 543 1007 ligata,
572 929 625 991 sad
653 928 854 992 solummodo
877 931 1098 1012 simplicibus,

120 1038 261 1105 quorum
272 1016 387 1080 solutio
402 1015 504 1078 multo
520 1016 640 1080 facilior
654 1021 709 1078 est.

160 1109 316 1173 Caeterum
338 1105 526 1168 monialium
551 1115 622 1168 vota
637 1105 669 1166 in
694 1103 811 1178 Gallia,
837 1105 960 1184 rigente
980 1109 1097 1172 actuali

122 1196 334 1279 legislatione,
355 1202 483 1274 possent
501 1212 568 1257 esse
590 1194 760 1267 solemnia,
784 1193 810 1256 si
827 1191 940 1256 Sancta
954 1194 1048 1259 Sedes
1063 1197 1097 1260 id

121 1285 327 1368 permitteret,
346 1290 440 1364 prout
454 1281 558 1345 adbuc
573 1282 725 1364 permittit
740 1283 771 1343 in
790 1281 958 1346 sabaudia.
972 1286 1097 1348 Etenim

120 1373 360 1454 l'rappistarum
376 1381 448 1434 vota
463 1372 591 1434 nonnisi
613 1371 769 1452 simplicia
795 1370 920 1434 fuerant
946 1373 986 1434 ab
1010 1393 1097 1439 anno

121 1467 197 1527 l83'l
212 1478 312 1541 usqua
328 1458 366 1521 ad
382 1463 400 1521 5
426 1459 575 1522 februarii
592 1463 681 1533 tuus,
699 1459 743 1522 sio
761 1459 859 1522 Roma
882 1459 1091 1542 disponente;

120 1559 259 1614 attamen
283 1547 435 1610 solemnia
457 1567 543 1611 nuuc
562 1567 629 1612 esse
649 1555 777 1630 possunt
801 1567 839 1610 ex
863 1567 945 1612 nova
965 1569 1096 1614 conces·

119 1640 209 1703 sione
220 1636 251 1700 S.
270 1635 439 1698 Pontificis.
453 1635 501 1716 (V.
519 1636 575 1700 des
589 1638 813 1699 Commuuuults
825 1637 1013 1718 reliqueret,
1030 1647 1090 1717 etc,

117 1737 155 1789 nt
168 1731 241 1800 524,
255 1733 284 1786 et
300 1723 439 1786 Manuale
457 1732 510 1786 tat.
519 1726 586 1808 jur.
603 1743 707 1788 conon.
722 1727 864 1799 1102505,
879 1724 954 1787 edit.
970 1726 1028 1810 ι’.)

156 1819 228 1878 932.
254 1811 379 1888 Quurit.
397 1811 478 1887 Quid
494 1813 628 1895 speciale
644 1813 783 1876 habeant
797 1819 869 1875 vota
885 1813 1031 1894 religiosa
1047 1834 1094 1881 so·

116 1903 232 1966 lemnia
247 1899 263 1964 i

155 1992 249 2072 Resp.
268 1989 300 2050 l⁰
316 2008 323 2050 :
337 1987 700 2070 Hujusmodivotaillum
712 1989 908 2052 constituunt
923 1997 1036 2056 statum
1048 2012 1095 2057 re·

114 2077 444 2160 ligiosumquillomae
457 2078 592 2140 habetur
607 2079 692 2141 velut
702 2078 829 2160 proprie
843 2078 957 2155 dietus,
974 2083 1092 2164 cuique

115 2167 173 2232 soli
197 2164 395 2248 applicandae
410 2175 483 2228 sunt
498 2166 686 2247 generaliter
700 2167 783 2246 leges
797 2168 957 2232 canonice
972 2179 1089 2234 statum

114 2255 294 2336 regularem
313 2260 500 2334 spectantes.
525 2257 593 2318 Non
615 2255 686 2318 ideo
708 2268 810 2320 tumen
831 2256 1088 2324 concludendum

113 2355 160 2407 est
175 2344 259 2407 solos
275 2341 458 2406 solemniter
472 2342 626 2424 professos
640 2363 706 2406 esse
722 2363 812 2406 ueros
826 2345 997 2422 religiosos,
1014 2356 1089 2412 cum

113 2452 151 2496 ex
168 2431 273 2496 Const.
292 2429 406 2507 Ouonto
421 2431 599 2511 fructuosius
613 2433 739 2513 Gregor.
757 2431 825 2494 Xlll
841 2432 1003 2497 decretum
1020 2436 1089 2500 iue-

112 2523 178 2584 rit:
205 2536 305 2581 anon
323 2518 417 2581 modo
431 2521 548 2601 eosqui
571 2521 602 2582 in
627 2521 844 2598 coadjutorum
867 2519 1085 2602 formatorum,

112 2631 127 2668 a
153 2608 219 2672 sive
234 2605 446 2688 spiritualium
462 2608 525 2670 sive
544 2609 766 2690 temporalium
788 2606 904 2686 gradus
918 2616 949 2670 et
974 2611 1088 2675 minis·

112 2719 128 2756 a
153 2695 233 2759 teria
249 2695 471 2774 admittuntur,
494 2696 664 2758 sedetiam
688 2697 766 2758 alios
784 2713 911 2772 omnm,
934 2705 965 2759 et
986 2717 1088 2781 quos·

112 2808 126 2844 n
152 2802 290 2864 cumque
309 2784 363 2865 qui
388 2785 418 2844 in
441 2784 682 2870 ipsaqSooietate
697 2783 843 2862 admissi,
863 2784 992 2850 biennio
1008 2808 1088 2868 pro·

111 2897 126 2935 u
152 2873 326 2936 bationis...
352 2881 497 2952 peracto,
523 2874 583 2936 tria
597 2881 668 2936 vota
685 2872 845 2955 praedicta,
862 2876 987 2936 tametsi
1006 2879 1088 2941 sim·

111 2985 126 3023 s
152 2961 247 3045 plicia
262 2960 435 3036 emiserint,
451 2964 660 3045 emittentque
675 2964 706 3026 in
723 2961 876 3036 futurum,
894 2980 960 3024 uera
973 2974 1001 3026 et
1012 2986 1088 3046 prc-

111 3074 126 3112 ι
150 3051 220 3132 pria
232 3048 386 3129 relr'qiosos
399 3048 492 3129 fuisse
509 3059 536 3112 et
551 3072 625 3127 esse,
648 3061 675 3114 ct
688 3050 797 3133 ubique
812 3069 924 3131 semper
936 3050 975 3112 ud
988 3057 1087 3117 muni-

110 3163 125 3201 s
152 3139 203 3202 dus
214 3137 362 3200 cauteriet
374 3139 526 3201 uomiuorr‘
535 3139 647 3217 debere,
663 3160 699 3203 uc
711 3141 740 3201 si
753 3141 785 3201 ia
797 3139 997 3221 professorum
1008 3161 1085 3224 proe.

110 3251 125 3289 a
149 3229 294 3292 dictorum
316 3245 470 3288 numerum
491 3226 639 3310 adscripti
662 3229 803 3292 fuissent.
822 3227 1086 3308 Praecipitasse

110 3339 125 3377 ι
150 3314 370 3380 interdicimus
396 3332 436 3376 ne
461 3315 706 3400 quicumque...
731 3313 807 3378 illud
838 3315 870 3376 in
900 3313 1083 3386 controver-

110 3428 125 3467 υ
150 3407 282 3470 siam...
309 3421 426 3485 ponere
453 3405 567 3467 audeat
589 3402 835 3488 quoquomodo
856 3424 886 3465 n.
911 3403 1009 3484 Igitur
1027 3416 1084 3494 qui

109 3495 261 3558 emittunt
285 3499 356 3554 vota
376 3493 531 3575 simplicia
553 3495 713 3576 regulares
731 3495 764 3556 in
779 3492 886 3556 stricto
901 3512 995 3559 sensu
1017 3519 1084 3567 esse

108 3589 260 3667 possunt3
276 3579 342 3642 imo
355 3590 385 3642 et
400 3582 477 3644 tales
486 3581 646 3645 habentur
660 3601 679 3646 a
692 3581 772 3646 Sede
781 3581 972 3661 apostolica,
990 3590 1084 3655 modo

109 3680 219 3738 tamen
231 3670 290 3732 tria
306 3677 379 3732 rota
394 3669 538 3748 religiosa
552 3671 712 3748 emittant,
728 3679 760 3734 et
780 3671 958 3752 pertineant
974 3675 1013 3736 ad
1026 3695 1082 3740 or·

109 3762 217 3827 tinem
229 3756 406 3842 specialiter
417 3759 628 3841 appmbatum
642 3762 697 3844 qui
710 3760 890 3826 facultatem
900 3758 1013 3825 babeat
1030 3767 1084 3829 ad·
