2574 4198
199 271 260 327 660
473 279 623 322 acerruma
645 277 726 320 anais
744 275 892 321 canosam.

205 399 220 436 a
241 383 301 438 tota
309 375 441 436 Ecclesia
450 376 540 437 simul
547 376 652 452 juncta
664 373 780 435 nullum
791 372 946 433 hominem
958 374 1069 452 punire
1078 381 1179 455 potest

207 487 222 524 a
241 463 401 545 punitione
423 465 577 533 coactiva,
594 463 650 522 nisi
664 461 810 523 concedat
823 461 882 522 hoc
895 463 1071 540 Imperator.
1089 465 1180 535 Quod

204 552 346 632 «utique
371 551 515 614 doctrinae
541 551 694 612 calholica
722 549 857 610 noscitur
882 548 1001 610 obviare
1026 569 1034 610 ε
1061 545 1180 614 constal

208 662 222 699 ι
243 640 326 700 enim
341 640 424 720 qubd
438 642 455 700 a
470 639 604 712 Christo,
618 639 705 698 Petro
720 646 748 698 et
763 637 794 697 in
811 639 939 716 persona
953 637 1051 709 Petri,
1069 639 1180 702 Eccle-

209 728 447 806 ssiae'potestas
474 729 629 794 coactiva,
658 725 703 786 vel
733 725 838 786 saltem
862 725 1008 804 permissa
1033 727 1178 789 exstitit:

209 839 223 875 a
245 814 448 896 Quodcumque
474 813 641 895 lipnocrr'te's
665 831 753 894 saper
777 821 908 882 terrem,
933 817 991 874 etc.
1014 832 1022 873 ε
1046 813 1181 890 ligantur

210 905 325 964 neuim
342 923 402 965 nou
418 905 516 966 solum
540 901 720 975 voluntarii,
745 901 798 961 sed
819 900 943 961 inviti.»
967 899 1051 962 ldem
1072 903 1181 982 probat

207 992 341 1055 Pontifex
357 993 459 1052 multis
474 993 538 1053 aliis
554 990 734 1064 momentis,
749 997 778 1050 ct
796 990 839 1050 sic
857 989 980 1050 tandem
998 991 1179 1052 concludit-r

206 1103 222 1137 a
241 1081 293 1141 Dei
308 1081 443 1141 invocato
458 1081 602 1154 nominc,
618 1078 759 1139 articulos
777 1077 956 1158 praedictos,
975 1077 1112 1140 videlicet
1114 1125 1178 1143 .....

209 1189 223 1224 r
243 1167 320 1249 qadd
333 1168 420 1249 Papo
434 1169 479 1229 cel
492 1178 548 1229 toto
563 1167 696 1228 Ecclesia
706 1165 796 1227 simul
808 1175 923 1246 sumpto
937 1166 1055 1227 naellam
1078 1167 1180 1230 laomi-

207 1279 223 1312 α
242 1276 306 1316 nem
321 1265 585 1337 quantumcumque
599 1255 771 1316 sceleratum
784 1263 878 1335 potest
894 1255 1006 1335 punire
1023 1257 1182 1336 punitione

208 1367 223 1401 «
243 1344 388 1419 coactiva,
408 1346 469 1405 nisi
489 1346 657 1426 Imperator
671 1344 754 1405 deret
773 1345 814 1404 eis
836 1344 1042 1404 auctoritatem
1060 1365 1067 1404 ε
1085 1346 1180 1409 veluti

209 1454 223 1487 a
244 1435 342 1494 Sacrae
357 1433 517 1513 Scripturae
529 1433 713 1510 contrarios,
728 1439 757 1494 et
770 1432 840 1494 tidei
857 1431 1011 1493 catholicae
1026 1432 1179 1512 inimicos,

206 1543 222 1575 a
243 1521 400 1582 haereticos
410 1539 462 1582 seu
477 1521 661 1582 haereticales
675 1529 703 1581 et
717 1538 860 1582 erroneos
874 1541 882 1591 ;
904 1537 1024 1581 necnon
1044 1529 1074 1582 et
1099 1541 1181 1602 prae·

204 1631 222 1665 a
242 1607 1180 1689 dictosMarsyliumetloannemhaereticos‚imdhaeresiarcbas

207 1720 222 1753 a
243 1697 307 1759 lore
326 1698 499 1759 manifestos
512 1705 540 1759 et
556 1698 688 1759 notorios
706 1697 923 1758 sententialiter
939 1696 1143 1762 declaramus.
1159 1723 1176 1760 r

242 1787 336 1848 Iidem
351 1805 467 1848 errores
486 1785 633 1866 profligati
655 1792 725 1846 sunt
744 1787 761 1844 a
785 1785 896 1846 Bened.
918 1787 996 1860 XIV,
1012 1803 1067 1864 per
1082 1787 1179 1851 Breve

207 1873 249 1936 dd
264 1875 394 1935 assiduos
408 1893 469 1955 quo
483 1875 659 1934 damnatum
683 1873 738 1934 luit
757 1873 937 1954 opusculum
961 1872 994 1934 P.
1013 1875 1053 1934 La
1079 1876 1177 1939 Borde

199 1963 388 2037 oratoriam,
404 1963 452 2023 cui
467 1962 574 2022 titulus
590 1962 745 2042 Principes
757 1981 810 2022 sur
834 1961 981 2038 t’essence,
997 1960 1030 2024 lu
1049 1961 1174 2027 distinc-

205 2052 304 2113 tion...
320 2051 369 2111 des
380 2050 458 2110 deae
469 2050 645 2130 puissuned,
661 2061 745 2111 etc...
761 2052 836 2110 item
859 2049 993 2110 damnati
1014 2049 1101 2113 fuere
1123 2055 1175 2134 per'

205 2139 320 2200 Bullam
334 2141 491 2199 Auctorem
510 2136 601 2217 fidei,
618 2148 652 2196 n⁰
665 2141 701 2206 4,
718 2145 751 2198 ut
771 2137 863 2198 videri
886 2141 984 2218 potest
1007 2156 1100 2218 supra
1114 2143 1174 2222 (12)

199 2233 232 2287 -ct
255 2245 308 2306 per
329 2227 422 2286 Breve
446 2224 497 2286 Ad
516 2224 695 2305 apostolice
713 2224 756 2284 Pii
780 2227 819 2286 lx
840 2243 901 2304 quo
924 2225 1066 2288 damnata
1090 2227 1198 2294 tuen*
1270 2222 1275 2233 ¹

203 2333 293 2395 opera
306 2313 431 2376 loannis
442 2316 556 2391 Nupta,
573 2312 621 2374 die
634 2316 673 2373 22
694 2330 763 2391 aug.
782 2316 856 2376 1851
876 2331 884 2374 :
905 2331 976 2375 nam
1000 2313 1079 2376 inter
1102 2332 1174 2397 pro-

203 2401 364 2468 positiones
379 2411 410 2454 m
425 2412 468 2454 ers
483 2396 640 2456 damnatas
654 2401 828 2457 recensetur
840 2397 943 2474 opinio
958 2401 1168 2477 nutasseritur

205 2504 218 2538 a
239 2482 404 2543 Ecclesiam
420 2483 465 2543 vis
486 2482 649 2545 inferendae
665 2490 841 2565 potestatem
855 2503 916 2545 non
932 2485 1053 2560 haltere,
1071 2508 1169 2570 neque
1276 2521 1277 2542 1

204 2592 218 2628 a
240 2571 383 2632 directam
396 2590 494 2652 neque
505 2571 762 2634 indirectamr.V.
773 2569 896 2654 insuper
907 2593 952 2654 pr.
963 2579 1078 2639 2401le
1094 2579 1166 2658 Syll.

238 2660 319 2738 Ergo
334 2659 500 2722 indubitata
518 2669 563 2722 est
578 2662 668 2722 tlresis
682 2671 792 2733 nostra,
809 2669 837 2722 et
851 2662 955 2743 opinio
976 2667 1003 2725 ci
1018 2667 1168 2730 contraria

194 2745 371 2848 adversatur
386 2747 456 2810 fidei
468 2739 636 2825 callidicus,
653 2759 759 2830 estque
772 2750 911 2813 haeretica
926 2752 958 2813 in
972 2772 1062 2818 seusu
1075 2774 1166 2838 supra
1275 2827 1276 2836 ἦ

191 2844 380 2984 exlllrlllllur
392 2931 425 2984 4⁰
438 2925 554 2986 ratione
574 2927 746 3009 theolopicd.
763 2932 897 2996 Ecclesia
916 2937 1050 3002 instituta
1073 2929 1129 3006 luit
1149 2947 1164 3006 a

187 3009 310 3071 ¹Christo
333 3017 476 3090 terronam
499 3013 625 3074 societas
645 3025 785 3098 externa,
799 3021 937 3101 visibilis,
957 3026 1164 3108 independens

193 3102 222 3157 et
235 3097 350 3159 habens
363 3097 464 3158 omnia
478 3117 546 3177 qiiae
560 3118 627 3162 eam
641 3103 679 3164 ad
693 3104 786 3168 tinem
803 3127 893 3172 suum
916 3114 1087 3180 conducere
1111 3139 1164 3182 va·

192 3183 274 3245 lent:
291 3185 355 3260 sed,
371 3185 501 3246 inomni
517 3189 656 3252 societate
676 3198 813 3272 exterat,
830 3204 1034 3265 necessarium
1047 3213 1093 3267 est
1106 3209 1162 3270 tri-

192 3271 282 3332 bunal
297 3291 351 3352 pro
365 3272 542 3334 dirimendis
556 3275 677 3356 litibus,
699 3301 753 3361 prn
773 3289 948 3350 coercendis
966 3291 1112 3358 abusibus
1133 3305 1162 3359 et
1273 3317 1274 3339 t

192 3359 278 3420 variis
292 3361 463 3424 excessibus
481 3366 532 3443 qui
554 3366 651 3428 solent
667 3372 842 3452 contingere
862 3376 891 3435 in
915 3376 974 3440 hoc
993 3380 1161 3447 miserrimo

188 3451 266 3508 statu
279 3461 392 3511 iraturae
404 3450 505 3530 lapsae;
515 3451 544 3512 id
555 3462 610 3529 est,
622 3462 823 3522 necessarium
836 3465 988 3527 ostiorum
1001 3476 1160 3535 externum

189 3533 226 3596 ad
250 3539 450 3600 exercendam
473 3545 650 3618 potestatem
673 3545 861 3622 Judiciariam
885 3554 1005 3634 proprie
1033 3557 1157 3624 dictam.
1271 3601 1272 3616 2

189 3622 269 3702 Ergo
283 3625 302 3686 a
316 3626 431 3688 Christo
444 3627 503 3687 tale
517 3628 647 3692 tribunal
662 3631 771 3698 habere
792 3639 933 3702 Ecclesia
953 3641 1009 3704 fuit
1033 3663 1158 3711 conces·

184 3726 267 3772 sum.
283 3713 383 3792 Ergo,
400 3722 447 3774 etc
