2552 4204
197 294 257 361 itt
473 313 624 358 munuum
645 311 729 358 ruars
748 309 899 358 canorum.

236 415 304 476 Non
318 413 446 478 habetur
459 413 530 476 verb
544 418 577 474 ut
591 429 641 474 res
651 411 813 494 spiritualis
825 411 910 473 labor
924 412 1113 476 extrinsecus
1121 413 1177 494 qui

197 519 259 565 non
273 509 318 564 est
330 503 501 566 necessarid
514 519 653 564 annexus
666 499 814 563 iunctioni
833 517 944 576 sacrae,
959 500 1059 581 qualis
1071 507 1117 564 est
1133 501 1177 563 iti·

196 591 312 655 neratio
326 591 577 666 extraordinaria,
602 598 710 653 naritus
728 590 760 651 in
774 588 880 664 missa,
896 593 949 652 aut
962 588 1079 671 aliquid
1093 589 1177 652 aliud

196 679 294 762 pretio
309 679 496 743 aestimabile.

235 771 387 832 Instruere
398 769 430 832 in
444 769 581 831 doctrina
595 768 681 830 sacra
694 773 739 830 est
753 767 877 848 quidem
892 783 940 828 res
954 765 1134 848 spiritualis,
1151 767 1176 830 si

196 855 355 921 instructio
377 857 480 921 tendat
499 857 537 920 ad
560 858 674 919 bonum
699 857 818 918 tantdm
841 855 995 936 spirituale
1014 856 1174 920 aliorum:

196 945 279 1008 unde
292 953 370 1009 esset
384 947 514 1010 simonia
528 948 571 1009 sie
584 947 733 1006 instruere
743 963 798 1026 pro
811 944 918 1025 pretio,
935 961 992 1006 nec
1007 945 1113 1008 liceret
1125 945 1177 1006 ali·

197 1035 270 1114 quid
281 1036 414 1118 recipere
428 1055 483 1119 pro
496 1035 612 1112 studio,
626 1033 852 1116 defatigatione,
864 1033 936 1115 quia
946 1032 1011 1095 brec
1022 1033 1176 1095 habentur

198 1129 230 1184 ut
244 1123 329 1186 labor
344 1125 547 1188 intrinsecus:
563 1124 643 1186 idem
659 1122 759 1184 diade
773 1121 874 1184 labore
889 1121 927 1182 ad
942 1122 1177 1203 praeparandam

197 1212 387 1278 concionem.
399 1215 492 1277 Seous
506 1215 531 1276 si
546 1213 704 1275 instructio
716 1211 820 1273 tendat
833 1211 973 1273 etiamad
986 1211 1113 1293 aliquod
1125 1212 1166 1272 bc

200 1317 273 1362 num
285 1303 449 1381 temporale
464 1303 603 1380 alterius,
618 1300 657 1364 ad
672 1301 846 1376 utilitatem,
862 1300 1009 1362 honorem
1023 1346 1033 1377 ,
1047 1301 1175 1364 oblecta·

197 1388 421 1470 tionem,prout
431 1398 474 1453 est
485 1390 642 1454 instructio
653 1390 690 1452 ad
700 1390 870 1452 edocendas
879 1407 977 1452 sacras
987 1390 1172 1472 Scripturas,

197 1483 247 1539 aut
257 1478 439 1560 theologiam
447 1481 508 1542 sire
518 1479 698 1562 polemicam
706 1479 768 1540 sive
780 1479 942 1550 moralem;
957 1479 1040 1540 unde
1050 1481 1082 1542 S.
1097 1480 1174 1543 Tho

198 1583 263 1632 mas
276 1566 347 1629 dicit
364 1586 372 1629 :
391 1569 477 1642 «Qui
489 1568 576 1631 docet
589 1568 767 1646 scientiam,
784 1573 879 1649 potest
893 1567 1079 1648 stipendium
1093 1569 1173 1632 acci·

202 1677 217 1713 a
237 1673 327 1735 perc,
343 1657 428 1738 quasi
442 1676 550 1739 operas
564 1675 635 1719 suas
649 1657 763 1719 locans.
779 1678 795 1716 a

237 1746 311 1806 ltem
325 1763 387 1806 non
404 1745 494 1808 debet
507 1746 609 1808 haberi
625 1754 658 1808 ut
673 1764 722 1807 res
733 1744 895 1826 spiritualis
908 1745 1086 1808 sustentatio
1101 1765 1172 1826 per·

198 1850 280 1895 sonae
295 1835 311 1894 a
327 1837 386 1915 qut
402 1834 556 1916 spirituale
579 1841 736 1915 praestatur
754 1852 761 1895 :
786 1833 869 1896 unde
887 1852 949 1896 non
972 1841 1019 1896 est
1043 1834 1173 1898 simonia

198 1921 334 2002 accipere
348 1925 529 2004 pecuniam,
554 1942 616 1985 non
640 1932 671 1985 ut
696 1923 842 2004 pretium,
867 1922 920 1984 sed
942 1929 975 1984 ut
997 1921 1173 2004 stipendum

199 2012 438 2088 sustentationis,
456 2013 544 2074 etiam
560 2032 615 2093 pro
631 2012 732 2074 labore
747 2011 909 2073 intrinseco
922 2011 954 2072 in
972 2011 1022 2072 tali
1039 2011 1173 2075 minisle

198 2097 242 2159 rio
256 2099 473 2180 impendendo.

236 2189 269 2248 2⁰
291 2191 328 2252 Ut
341 2190 468 2269 pretium
486 2191 646 2272 temporale
659 2191 761 2257 haberi
776 2190 886 2252 debent
901 2209 963 2252 non
978 2190 1079 2254 solum
1099 2210 1170 2254 mu·
1262 2187 1263 2194 ¹

199 2293 255 2336 nus
270 2277 286 2336 a
302 2296 409 2354 monn,
428 2278 459 2338 id
485 2285 530 2340 est
546 2279 690 2360 pecunia,
716 2288 745 2342 et
768 2279 984 2361 quodcumque
1003 2282 1171 2362 temporale

198 2363 279 2444 quod
294 2365 390 2447 pretio
406 2367 443 2428 sit
455 2367 650 2442 aestimabile,
666 2369 754 2449 quale
769 2375 847 2430 esset
860 2368 950 2430 etiam
966 2368 1107 2430 remissio
1125 2369 1169 2432 vel
1261 2377 1262 2386 ’

198 2454 306 2516 solutio
320 2454 431 2533 debiti,
455 2456 501 2520 vel
516 2465 635 2537 pactum
651 2456 689 2519 de
713 2457 883 2539 praestando
904 2461 1010 2519 mutuo
1031 2459 1126 2520 etiam
1140 2459 1170 2520 iu

199 2542 415 2621 incontinenti3
429 2546 501 2608 item
516 2546 540 2608 si
550 2547 715 2627 Episcopus
724 2547 800 2608 dans
813 2545 997 2609 beneficium
1010 2548 1171 2610 conveniat

197 2647 267 2692 cum
282 2634 448 2715 accipiente
462 2635 544 2716 qudd
565 2635 619 2697 iste
633 2636 718 2697 alteri
740 2635 918 2717 pensionem
934 2636 1112 2718 praestabit:
1127 2638 1170 2702 vel
1259 2705 1260 2708 ,

127 2783 130 2790 ,
197 2719 307 2800 siquis
328 2723 594 2802 pasciscaturcum
616 2724 737 2805 aliquo,
753 2725 835 2805 qudd
855 2725 879 2787 si
902 2742 974 2786 eum
996 2724 1121 2804 adJuvet
1134 2725 1170 2789 ad

198 2806 380 2874 beneficium
395 2812 611 2888 obtinendum,
628 2814 806 2894 pensionem
821 2812 862 2875 illi
876 2813 988 2890 solvet3
1010 2814 1169 2879 sedetiam

198 2901 332 2962 munoad
354 2899 474 2982 licead,
496 2901 591 2964 idest
615 2903 696 2979 laus,
720 2903 918 2984 vituperium,
943 2903 1170 2985 patrocinium,

197 2993 267 3088 etc,
284 2991 437 3051 autetiam
450 3009 557 3051 munna
569 2990 605 3051 cb
618 2991 752 3074 obsequie
767 3000 794 3053 et
805 2991 975 3072 famulata,
988 2992 1032 3054 uti
1047 2993 1170 3077 docere,

197 3092 350 3140 mservuc.

237 3165 268 3225 3⁰
289 3165 346 3226 Per
359 3165 553 3229 venditionem
566 3177 595 3230 et
608 3175 797 3250 emptionem,
814 3169 1000 3249 intelligendi
1013 3180 1086 3235 sunt
1101 3176 1172 3256 qui·
1256 3181 1257 3186 ’

197 3251 240 3312 vis
253 3258 423 3317 contractus
435 3257 569 3332 onerosi,
584 3259 644 3319 sive
659 3257 838 3320 venditionis
856 3259 916 3320 sive
931 3259 1089 3323 locationis
1108 3265 1169 3328 siva

197 3341 426 3420 permutationis
442 3351 494 3406 aut
508 3346 756 3421 renuntiationis,
777 3347 888 3429 quibus
908 3346 1108 3414 irreverenter
1122 3371 1168 3417 res
1255 3339 1256 3356 ¹

198 3428 381 3509 spirituales.
397 3432 490 3496 instar
505 3439 734 3516 temporalium,
750 3437 847 3516 pretio
857 3437 1086 3502 aestirnantur·et
1099 3461 1166 3505 con·

198 3519 341 3581 tractibus
354 3519 564 3602 subjiciuntur.
581 3527 647 3586 Non
663 3533 762 3587 autem
778 3525 874 3588 existit
884 3527 1033 3602 simonia,
1060 3531 1165 3595 saltem

198 3611 279 3668 extra
292 3617 425 3670 mentam
435 3657 444 3686 ,
456 3611 629 3694 sinealiqua
638 3614 785 3694 pactione,
798 3615 845 3678 vel
855 3619 996 3697 expressa
1006 3617 1051 3680 val
1063 3620 1163 3702 tacita,
1185 3669 1190 3696 ,

198 3699 226 3754 at
238 3693 420 3778 obligatione
434 3717 470 3760 ex
483 3713 579 3781 paeto.

234 3786 303 3847 876.
327 3786 462 3850 Simonis
485 3790 673 3872 quadruplex
695 3799 761 3856 cst:
785 3796 816 3856 l⁰
831 3795 980 3862 mentulas.
997 3809 1074 3860 ¹cum
1098 3800 1164 3882 quia
