2590 4208
418 241 420 246 ·
515 225 598 272 traca
625 227 759 273 rnnrrus.
1047 211 1102 272 lot

129 339 273 430 tempore
287 340 447 405 existentis
456 339 634 404 obedientia
644 342 845 424 pertinaciter
857 360 889 404 se
898 341 1103 415 subtrahunt,

132 439 182 501 rel
198 433 359 499 recedunt.
919 487 922 494 Δ

171 529 202 589 l.
219 524 335 588 Omnes
346 530 376 582 et
388 519 541 599 singulos,
556 520 782 601 cujuscumque
794 527 904 596 status,
920 519 1037 601 gradus
1049 538 1102 584 seu

130 611 324 679 conditionis
338 607 465 682 luerint,
483 607 523 670 ab
537 609 860 672 ordinationibus‘seu
876 609 1034 672 mandatis
1047 611 1099 672 Ro·

134 719 302 766 manorum
316 697 505 761 Pontificum
520 715 577 778 pro
592 708 733 779 tempore
752 698 953 761 existentium
978 698 1017 760 ad
1034 698 1102 761 uni·

133 791 254 854 versale
277 787 419 852 futurum
445 787 612 850 concilium
637 787 858 868 appellantes3
881 804 1004 850 necnon
1031 804 1102 860 eos,

131 897 268 962 quorum
291 876 421 949 anxilio,
443 876 574 938 consilio
590 875 636 938 vel
653 878 758 939 lavore
773 875 970 957 appellatum
997 874 1101 938 luerit.

171 974 201 1032 5.
226 967 340 1032 Omnes
353 964 584 1038 interficientes,
602 965 797 1043 mutilantes,
811 965 984 1047 capientes,
1001 982 1102 1052 carce-

131 1065 261 1135 rantes,
276 1053 463 1128 detinentes,
489 1057 538 1116 vel
553 1053 710 1116 hostiliter
724 1053 925 1133 insequentes
946 1051 978 1116 S.
1002 1053 1038 1116 R.
1064 1052 1107 1118 Ε.

131 1145 322 1218 cardinales,
339 1141 542 1216 Patriarchas‚
561 1142 832 1224 archiepiscopos,
848 1141 1034 1223 Episcopus,
1050 1139 1104 1206 Se-

128 1236 244 1316 disque
263 1231 443 1313 apostolicae
458 1230 607 1310 Legatos,
630 1230 681 1293 uel
706 1230 849 1306 Nuntios,
870 1239 924 1292 aut
939 1249 992 1294 eos
1007 1249 1024 1292 a
1039 1229 1104 1292 suis

130 1321 331 1396 dioecesibus,
355 1320 535 1394 territoriis,
561 1321 671 1394 terris,
687 1337 743 1382 seu
758 1319 907 1383 dominiis
930 1319 1100 1400 ejicientes,

130 1428 254 1474 necnon
271 1407 519 1480 remandantes,
537 1408 584 1470 vel
607 1415 675 1472 rata
699 1407 859 1480 habentes,
877 1427 933 1472 seu
948 1417 1101 1488 praestan··

130 1511 176 1564 tes
190 1500 221 1562 in
236 1497 282 1564 eis
296 1496 461 1571 auxilium,
480 1497 648 1560 consilium
661 1498 709 1560 vel
726 1497 877 1562 favorem.

168 1593 198 1653 6.
222 1585 431 1669 impedientes
445 1584 560 1650 directe
575 1586 621 1648 vel
644 1586 796 1650 indirecte
809 1585 991 1648 exercitium
1006 1584 1099 1668 juris·

126 1677 275 1742 dictionis
289 1674 503 1738 ecclesiasticae
513 1676 577 1738 siue
592 1675 706 1738 interni
721 1674 915 1738 siveerrterni
931 1672 1001 1745 lori,
1016 1676 1098 1740 etad

128 1768 189 1832 hoc
216 1773 408 1827 recurrentes
433 1763 471 1824 ad
495 1762 597 1826 lorum
624 1763 774 1827 saeculare
795 1764 925 1846 eJ'usque
952 1764 1099 1828 mandata

127 1862 344 1938 procurantes,
360 1850 487 1914 edentes
509 1860 563 1915 aut
578 1854 745 1928 auxilium,
760 1851 927 1916 consilium
942 1851 990 1914 vel
1005 1851 1093 1918 lavo·

122 1961 195 2006 rem
212 1949 408 2024 prestantes.

165 2038 196 2095 t.
219 2030 369 2110 Cogenles
383 2029 448 2091 sive
473 2027 606 2106 directe,
623 2030 685 2092 sive
700 2028 850 2093 indirecte
860 2027 981 2110 judices
1003 2029 1097 2092 laicos

123 2123 168 2186 ad
183 2118 375 2183 trahendum
391 2117 430 2180 ad
445 2136 537 2180 suum
553 2117 692 2180 tribunal
708 2137 858 2199 personas
872 2117 1095 2182 ecclesiasticas

104 2219 238 2293 „praeter
259 2207 428 2271 canonicas
442 2205 683 2287 dispositiones;
709 2208 784 2270 item
805 2207 933 2270 edentes
948 2205 1031 2288 leges
1047 2210 1093 2270 vel

121 2301 249 2363 decreta
263 2301 369 2360 contra
386 2295 559 2358 libertatem
574 2304 629 2357 aut
641 2296 712 2376 jura
726 2294 883 2360 Ecclesiae.

164 2388 194 2452 8.
218 2387 421 2450 decurrentes
439 2383 478 2446 ad
494 2384 605 2448 laicam
624 2391 808 2465 potestatem
826 2385 865 2447 ad
882 2383 1097 2467 impediendas

120 2475 301 2542 litterasvel
317 2482 384 2537 acta
400 2473 578 2553 quaeliheta
597 2471 676 2536 Sede
691 2473 880 2554 Apostolioa,
896 2474 945 2535 vel
961 2471 1001 2534 ab
1016 2472 1094 2552 ejus·

123 2568 195 2631 dam
211 2563 332 2644 Legatis
348 2571 401 2625 aut
416 2563 569 2642 Delegatis
595 2561 849 2644 quibuscumque
864 2560 1022 2643 profecta,
1040 2578 1096 2621 eo-

123 2671 260 2736 rumque
283 2653 568 2736 promulgationem
591 2650 640 2712 vel
669 2650 886 2713 executionem
909 2649 1024 2711 directa
1046 2649 1093 2711 vel

123 2742 277 2808 indirecte
291 2739 503 2821 prohibentes,
521 2748 576 2800 aut
589 2756 698 2801 eorum
713 2732 806 2801 causa
818 2741 882 2800 sive
897 2739 981 2817 ipsas
993 2744 1095 2820 partes

123 2835 190 2898 sive
205 2831 283 2894 alios
298 2829 456 2904 laedentes,
472 2828 521 2890 vel
546 2825 840 2912 perterrefacientes.

164 2927 193 2986 9.
217 2920 332 2985 Omnes
349 2917 492 2981 falsarios
509 2917 643 2979 litteram
660 2915 917 2997 apostolicarum,
943 2915 1036 2978 etiam
1062 2916 1094 2978 in

123 3015 227 3078 tonina
242 3008 360 3092 Brevis,
377 3025 413 3070 ac
438 3005 707 3088 supplicationum
724 3005 858 3084 gratiam
873 3005 921 3068 vel
941 3004 1094 3086 justitiam

123 3097 404 3172 concernentium,
421 3114 476 3177 per
490 3095 667 3157 Romanum
682 3093 877 3169 Pontificem,
894 3093 943 3156 vel
957 3092 986 3156 S.
1005 3093 1040 3155 E.
1059 3092 1093 3157 ll.

123 3185 429 3256 viee-cancellarios
448 3203 502 3246 seu
528 3183 676 3247 Gerentes
703 3184 785 3246 vices
814 3201 946 3260 eorum,
977 3189 1030 3246 aut
1057 3183 1096 3245 de

123 3277 276 3348 ntandato
298 3274 438 3356 ejusdem
461 3272 595 3336 Romani
611 3272 770 3335 Pontifiois
794 3271 1008 3351 signatarum
1039 3291 1095 3334 nec

122 3387 188 3434 non
204 3365 284 3428 falso
296 3363 495 3444 publicantes
508 3361 640 3423 Litteras
653 3360 858 3442 apostolicas,
876 3361 969 3422 etiam
985 3361 1016 3422 in
1033 3360 1095 3424 lor·

122 3477 177 3524 ma
187 3453 306 3529 Brevis,
321 3459 352 3514 et
362 3453 455 3515 etiam
476 3449 556 3514 lalso
571 3450 730 3529 signantes
745 3448 992 3531 supplicationes
1005 3450 1095 3515 llice·

122 3541 310 3611 Cancellarii
333 3548 388 3604 aut
402 3540 543 3604 Gerontis
560 3538 643 3602 vices
657 3537 896 3622 praedictorum.

162 3638 211 3696 tu.
230 3628 433 3694 absolventes
444 3627 630 3711 complicem
648 3628 679 3688 in
694 3635 822 3708 peccato
837 3628 934 3710 turpi,
952 3629 1046 3692 etiam
1061 3627 1092 3692 in

120 3724 233 3790 mortis
245 3717 390 3796 articulo,
410 3718 432 3782 ri
451 3716 532 3783 altus
554 3715 710 3794 sacerdos,
729 3714 803 3781 licet
818 3734 882 3782 nou
898 3717 1093 3799 approbatus
