2574 4198
457 285 543 330 arcun
563 281 720 330 sucuuuus.
794 265 796 270 '
1015 269 1074 329 695

103 381 290 457 «tentibus,
315 385 457 446 omnium
480 400 582 445 rerum
607 387 636 442 et
660 379 798 440 bonorum
821 377 1018 444 inmobilibus
1039 403 1072 445 ue

103 493 119 531 ι
138 471 336 553 pretiosorum
354 471 510 533 mobilium
533 469 764 544 alienationem,
784 487 935 552 omneque
954 480 1073 552 pactum

104 581 120 620 r
141 579 195 640 per
207 560 291 641 quod
307 561 442 642 ipsorum
455 559 624 623 dominium
636 557 830 633 transfertur,
846 577 955 622 census
968 570 1073 644 perpe·
1102 556 1104 561 ’

105 669 121 708 o
140 656 228 724 tuos,
245 667 299 712 seu
312 649 467 725 vitalitios,
482 647 698 731 hypothecam,
715 646 893 708 locationem
905 655 934 710 et
946 652 1076 714 conduc·

106 758 121 795 ι
140 738 259 798 tionem
274 737 351 800 ultra
364 737 541 812 triennium,
557 742 656 810 etc...,
672 743 870 816 praeterquam
886 738 915 797 in
927 740 1046 803 casibus
1060 744 1076 802 h

106 845 121 884 n
138 826 210 905 iure
225 826 401 908 permissis,
416 826 480 888 fieri
496 824 640 908 perpetuo
657 823 772 884 inhibet
794 829 883 905 atque
905 825 1074 904 interdicit,

106 935 122 973 o
142 915 260 996 absque
280 915 373 996 ipsius
392 915 639 996 congregationis
657 911 780 974 concilii
797 916 938 993 expressa
957 915 1076 979 licentiat

107 1023 123 1062 a
143 1004 176 1064 in
190 1005 310 1085 scriptis
322 1011 351 1066 et
365 1005 455 1084 gratis
469 1002 674 1065 oiincedendb.
690 1024 705 1060 u
724 1003 829 1062 Postea
844 1001 1017 1080 hujusmodi
1031 1025 1078 1069 ac-

103 1098 152 1155 tus
164 1093 279 1166 irritat,
292 1099 322 1154 et
334 1099 443 1174 praeter
457 1110 562 1174 poenas
575 1091 592 1152 b
607 1090 752 1151 Decretali
766 1090 941 1155 Ambitiosa
954 1100 1078 1156 statutas

103 1179 244 1244 decernit
265 1199 387 1263 poenam
410 1180 582 1262 privationis
605 1179 793 1252 officiorum,
820 1181 900 1242 vocis
923 1182 1024 1244 aolirae
1049 1193 1080 1246 ot

103 1270 249 1352 passivae,
273 1288 391 1332 necnon
414 1267 606 1331 inhabilitatis
629 1272 780 1348 perpetuae
794 1269 831 1329 ad
846 1269 896 1331 illa
915 1271 1078 1334 obtinenda

104 1375 173 1440 ipso
184 1359 265 1420 lacto
276 1359 489 1421 incurrendam
505 1379 511 1420 :
533 1380 548 1416 n
562 1377 620 1418 aon
634 1357 811 1419 obstantibus
823 1359 1079 1424 consuetudinibus

109 1447 240 1510 uetiam
265 1447 544 1516 r'mmemoia'olibus,
574 1446 763 1528 privilegiis.
787 1452 818 1508 et
840 1447 1080 1514 ordinationibus

109 1559 126 1598 u
146 1537 291 1617 apostolis
304 1536 485 1618 quibuslibet
496 1557 526 1598 u.
538 1533 574 1594 Et
589 1535 628 1598 cl.
642 1537 677 1599 G.
694 1537 797 1616 Apost.
814 1537 907 1601 Sedis.

146 1631 219 1688 772.
242 1627 415 1708 Disputatur
426 1643 465 1687 an
481 1628 682 1688 necessarium
697 1629 735 1688 sit
749 1625 970 1708 beneplacitum
984 1633 1079 1710 apos-

106 1715 236 1779 tolicum
249 1733 322 1778 casu
335 1734 396 1797 quo
410 1713 525 1776 bonum
539 1713 596 1776 fuit
607 1715 753 1776 donatum
767 1733 837 1776 cum
851 1719 993 1796 expressa
1004 1736 1081 1779 con-

108 1805 225 1868 ditione
238 1803 322 1886 qubd
335 1803 457 1866 alienari
472 1804 578 1885 poterit
591 1803 713 1884 propria
726 1803 900 1865 auctoritate
916 1823 924 1865 z
939 1806 1078 1886 probabi-

109 1893 171 1956 lem
199 1897 318 1973 reputat
341 1893 520 1956 sententiam
537 1900 709 1972 'negantem
734 1893 766 1954 S.
793 1891 915 1972 Liguor.
946 1894 1014 1974 (lib.
1040 1899 1080 1970 l,

110 1995 145 2045 n·
160 1986 229 2060 187,
244 1989 305 2044 not.
320 1982 365 2064 2).

150 2071 324 2134 Notandum
342 2075 387 2132 est
405 2079 523 2148 autem,
547 2069 647 2152 quoad
661 2069 853 2133 formalitates
872 2073 1081 2156 praescriptas,
1137 2137 1140 2146 ,

110 2161 194 2244 quod
209 2162 234 2222 si
249 2179 310 2242 qua
323 2160 403 2222 bona
421 2159 459 2221 ad
479 2160 627 2222 Ecclesias
645 2159 849 2235 bethem-ales,
871 2171 923 2224 aut
941 2163 1082 2225 etiamad

109 2268 250 2314 mensam
264 2247 466 2330 episcopalem
478 2249 523 2310 vel
538 2248 684 2330 Capituli,
699 2249 744 2310 rel
759 2249 797 2310 ad
812 2249 1020 2332 collegiatam,
1034 2259 1085 2315 aut

110 2341 150 2402 ad
164 2341 383 2402 monasterium
398 2337 596 2418 pertinentia,
616 2337 739 2399 alienari
752 2337 901 2417 debeant,
923 2341 1084 2421 requiritur

111 2435 145 2492 ut
158 2429 302 2491 Praelatus
316 2426 485 2508 Capitulum
497 2433 549 2488 aut
560 2426 721 2506 collegium
734 2428 880 2490 consultet
893 2447 933 2490 an
948 2429 1085 2492 alienatio

111 2519 266 2602 proposita
279 2516 317 2578 ad
331 2514 464 2578 ecclesiae
478 2515 635 2577 utilitatem
650 2513 818 2590 conducat,
836 2518 867 2577 in
881 2535 978 2598 eoque
995 2537 1085 2597 nego

110 2609 169 2688 tio,
186 2626 223 2670 ea
236 2605 384 2670 sententia
399 2604 476 2666 valet
494 2623 563 2686 quae
581 2605 687 2666 saltem
707 2603 813 2684 majori
827 2606 902 2686 parti
919 2606 1063 2687 placuerit
1073 2627 1083 2684 ;

110 2698 137 2760 si
157 2697 231 2760 verb
248 2701 354 2776 agatur
371 2691 408 2756 de
429 2693 517 2755 bonis
536 2694 731 2756 ecclesiarum
752 2713 822 2775 quae
845 2695 1007 2777 collegium
1022 2716 1082 2760 non

110 2785 242 2862 habent,
257 2783 397 2846 alienatio
415 2782 453 2844 ab
470 2783 605 2845 ecclesia
622 2791 756 2858 rectore,
774 2783 866 2845 solius
880 2787 1020 2865 Episcopi
1036 2787 1085 2847 in-

110 2875 278 2957 quisitione
298 2877 329 2935 et
347 2873 488 2949 Decreta,
512 2869 656 2932 celebrari
675 2879 794 2950 potest:
810 2871 1002 2950 dequovide
1019 2873 1084 2935 Mo-

110 2963 210 3034 nuole,
224 2972 258 3025 n·
265 2965 355 3038 2409,
367 2960 448 3022 salvo
459 2967 560 3022 tamen
571 2957 759 3040 beneplacito
770 2959 950 3040 Apostoli00‚
963 2961 1086 3040 quando

111 3062 155 3117 est
171 3052 387 3115 necessarium.

150 3145 196 3204 Ex
214 3137 408 3220 Pontificoli,
425 3137 563 3220 Episcopi
576 3137 607 3199 in
622 3139 677 3201 sub
689 3139 914 3202 consecratione
928 3139 1085 3220 juramen-

112 3237 179 3296 tum
193 3235 339 3314 praestant
351 3245 383 3288 se
398 3245 459 3288 non
470 3226 534 3288 fore
545 3225 727 3290 alienaturos
736 3228 816 3290 bona
827 3227 1008 3291 admeusam
1017 3247 1083 3314 per-

111 3320 252 3396 tinentia,
268 3315 434 3378 inconsulto
447 3314 579 3377 Romano
590 3315 746 3400 Pontifica.

149 3413 184 3475 ln
198 3407 295 3472 Gallia
305 3411 404 3468 autem
417 3406 583 3484 generatim
598 3425 659 3467 non
680 3407 806 3468 habetur
825 3413 861 3469 ut
881 3409 1086 3473 necessarium

111 3499 201 3583 Papae
216 3494 440 3577 beneplacitum
459 3510 515 3575 pro
533 3495 713 3557 alienatione
725 3495 875 3559 bonorum
891 3499 1085 3562 ecclesiarum

111 3589 307 3661 inferiorum,
332 3601 388 3645 uec
401 3583 473 3644 solet
487 3584 649 3660 ordinarie,
665 3589 698 3646 ul
709 3589 848 3665 putamus
864 3633 873 3661 ,
889 3588 1033 3669 postulari
1047 3588 1085 3650 ab

110 3675 295 3762 Episcopis,
324 3672 381 3735 nisi
396 3691 451 3754 pro
466 3672 552 3734 honis
565 3672 601 3734 ad
617 3673 750 3736 Titulum
768 3675 977 3758 Episcopalem
989 3679 1084 3760 perti-

112 3767 271 3834 nentibus.
288 3765 336 3825 hu
348 3769 448 3826 autem
464 3761 528 3824 talis
541 3763 728 3826 consuetudo
741 3764 834 3845 possit
846 3783 911 3829 esse
924 3766 1084 3846 legitima‘l,

950 3845 997 3904 υ*
