<?xml version="1.0" encoding="UTF-8"?>
<!DOCTYPE html PUBLIC "-//W3C//DTD XHTML 1.0 Transitional//EN"
    "http://www.w3.org/TR/xhtml1/DTD/xhtml1-transitional.dtd">
<html xmlns="http://www.w3.org/1999/xhtml" xml:lang="en" lang="en">
 <head>
  <title>
</title>
<meta http-equiv="Content-Type" content="text/html;charset=utf-8" />
  <meta name='ocr-system' content='tesseract 3.04.00' />
  <meta name='ocr-capabilities' content='ocr_page ocr_carea ocr_par ocr_line ocrx_word'/>
</head>
<body>
  <div class='ocr_page' id='page_1' title='image "./elementajurisca00craigoog_0312.png"; bbox 0 0 2590 4208; ppageno 0'>
   <div class='ocr_carea' id='block_1_1' title="bbox 475 242 1083 312">
    <p class='ocr_par' dir='ltr' id='par_1_1' title="bbox 475 242 1083 312">
     <span class='ocr_line' id='line_1_1' title="bbox 475 242 1083 312; baseline 0.002 -1"><span class='ocrx_word' id='word_1_1' title='bbox 475 242 562 312; x_wconf 81' lang='lat' dir='ltr'>naun</span> <span class='ocrx_word' id='word_1_2' title='bbox 582 267 717 312; x_wconf 80' lang='lat' dir='ltr'>rannus.</span> <span class='ocrx_word' id='word_1_3' title='bbox 1049 253 1083 312; x_wconf 88' lang='lat' dir='ltr'>ll</span> 
     </span>
    </p>
   </div>
   <div class='ocr_carea' id='block_1_2' title="bbox 90 371 1155 3827">
    <p class='ocr_par' dir='ltr' id='par_1_2' title="bbox 109 371 1086 722">
     <span class='ocr_line' id='line_1_2' title="bbox 109 371 1086 456; baseline 0.003 -19"><span class='ocrx_word' id='word_1_4' title='bbox 109 393 242 438; x_wconf 76' lang='lat' dir='ltr'>uxorem</span> <span class='ocrx_word' id='word_1_5' title='bbox 260 377 421 455; x_wconf 88' lang='lat' dir='ltr'>accipere,</span> <span class='ocrx_word' id='word_1_6' title='bbox 437 371 499 436; x_wconf 90' lang='lat' dir='ltr'>nisi</span> <span class='ocrx_word' id='word_1_7' title='bbox 515 373 632 437; x_wconf 89' lang='lat' dir='ltr'>luerint</span> <span class='ocrx_word' id='word_1_8' title='bbox 647 374 743 436; x_wconf 89' lang='lat' dir='ltr'>sacris</span> <span class='ocrx_word' id='word_1_9' title='bbox 762 373 930 437; x_wconf 83' lang='lat' dir='ltr'>ordinibus</span> <span class='ocrx_word' id='word_1_10' title='bbox 951 377 1086 456; x_wconf 87' lang='lat' dir='ltr'>initiatl;</span> 
     </span>
     <span class='ocr_line' id='line_1_3' title="bbox 110 462 1085 528; baseline 0.004 -4"><span class='ocrx_word' id='word_1_11' title='bbox 110 463 243 526; x_wconf 91' lang='lat' dir='ltr'>minime</span> <span class='ocrx_word' id='word_1_12' title='bbox 264 470 370 525; x_wconf 91' lang='lat' dir='ltr'>autem</span> <span class='ocrx_word' id='word_1_13' title='bbox 396 462 635 525; x_wconf 85' lang='lat' dir='ltr'>matrimonium</span> <span class='ocrx_word' id='word_1_14' title='bbox 660 471 763 524; x_wconf 89' lang='lat' dir='ltr'>ratum</span> <span class='ocrx_word' id='word_1_15' title='bbox 794 477 857 525; x_wconf 93' lang='lat' dir='ltr'>non</span> <span class='ocrx_word' id='word_1_16' title='bbox 882 482 1085 528; x_wconf 90' lang='lat' dir='ltr'>consumma·</span> 
     </span>
     <span class='ocr_line' id='line_1_4' title="bbox 109 549 1084 631; baseline 0.007 -20"><span class='ocrx_word' id='word_1_17' title='bbox 109 562 178 614; x_wconf 88' lang='lat' dir='ltr'>tum</span> <span class='ocrx_word' id='word_1_18' title='bbox 203 559 296 617; x_wconf 90' lang='lat' dir='ltr'>antea</span> <span class='ocrx_word' id='word_1_19' title='bbox 321 558 518 615; x_wconf 90' lang='lat' dir='ltr'>contractum</span> <span class='ocrx_word' id='word_1_20' title='bbox 545 549 730 613; x_wconf 83' lang='lat' dir='ltr'><strong>dissolvitur</strong></span> <span class='ocrx_word' id='word_1_21' title='bbox 747 569 801 631; x_wconf 89' lang='lat' dir='ltr'>per</span> <span class='ocrx_word' id='word_1_22' title='bbox 825 552 1084 618; x_wconf 87' lang='lat' dir='ltr'>scholasticorum</span> 
     </span>
     <span class='ocr_line' id='line_1_5' title="bbox 109 638 836 722; baseline -0.003 -20"><span class='ocrx_word' id='word_1_23' title='bbox 109 648 192 702; x_wconf 86' lang='lat' dir='ltr'>vota.</span> <span class='ocrx_word' id='word_1_24' title='bbox 209 640 259 722; x_wconf 87' lang='lat' dir='ltr'>(V.</span> <span class='ocrx_word' id='word_1_25' title='bbox 280 640 432 715; x_wconf 78' lang='lat' dir='ltr'><strong><em>Manuale,</em></strong></span> <span class='ocrx_word' id='word_1_26' title='bbox 448 648 521 716; x_wconf 78' lang='lat' dir='ltr'>etc,</span> <span class='ocrx_word' id='word_1_27' title='bbox 537 651 572 701; x_wconf 91' lang='lat' dir='ltr'>n⁰</span> <span class='ocrx_word' id='word_1_28' title='bbox 587 643 677 717; x_wconf 73' lang='lat'>2603,</span> <span class='ocrx_word' id='word_1_29' title='bbox 693 643 725 700; x_wconf 84' lang='lat' dir='ltr'>in</span> <span class='ocrx_word' id='word_1_30' title='bbox 740 638 836 721; x_wconf 84' lang='lat' dir='ltr'>nota.)</span> 
     </span>
    </p>

    <p class='ocr_par' dir='ltr' id='par_1_3' title="bbox 90 726 1085 988">
     <span class='ocr_line' id='line_1_6' title="bbox 147 726 1085 808; baseline 0.004 -16"><span class='ocrx_word' id='word_1_31' title='bbox 147 729 282 792; x_wconf 73' lang='lat'>934.11.</span> <span class='ocrx_word' id='word_1_32' title='bbox 307 733 347 794; x_wconf 90' lang='lat' dir='ltr'>Ut</span> <span class='ocrx_word' id='word_1_33' title='bbox 372 729 454 792; x_wconf 86' lang='lat' dir='ltr'>bene</span> <span class='ocrx_word' id='word_1_34' title='bbox 473 728 667 808; x_wconf 83' lang='lat' dir='ltr'><strong>intelligatur</strong></span> <span class='ocrx_word' id='word_1_35' title='bbox 687 726 764 808; x_wconf 92' lang='lat' dir='ltr'>quid</span> <span class='ocrx_word' id='word_1_36' title='bbox 791 728 924 808; x_wconf 87' lang='lat' dir='ltr'>speciale</span> <span class='ocrx_word' id='word_1_37' title='bbox 949 731 990 793; x_wconf 91' lang='lat' dir='ltr'>sit</span> <span class='ocrx_word' id='word_1_38' title='bbox 1012 742 1085 796; x_wconf 86' lang='lat' dir='ltr'>roto</span> 
     </span>
     <span class='ocr_line' id='line_1_7' title="bbox 108 817 1085 901; baseline -0.001 -18"><span class='ocrx_word' id='word_1_39' title='bbox 108 819 245 883; x_wconf 85' lang='lat' dir='ltr'>solemni</span> <span class='ocrx_word' id='word_1_40' title='bbox 270 819 475 901; x_wconf 84' lang='lat' dir='ltr'>paupertatis,</span> <span class='ocrx_word' id='word_1_41' title='bbox 499 825 640 900; x_wconf 83' lang='lat' dir='ltr'>quatuor</span> <span class='ocrx_word' id='word_1_42' title='bbox 665 817 862 897; x_wconf 80' lang='lat' dir='ltr'>paupertatis</span> <span class='ocrx_word' id='word_1_43' title='bbox 887 817 1003 898; x_wconf 84' lang='lat' dir='ltr'>gradus</span> <span class='ocrx_word' id='word_1_44' title='bbox 1023 819 1085 882; x_wconf 76' lang='lat' dir='ltr'>dis</span> 
     </span>
     <span class='ocr_line' id='line_1_8' title="bbox 90 908 376 988; baseline 0.003 -19"><span class='ocrx_word' id='word_1_45' title='bbox 90 983 91 986; x_wconf 8' lang='grc' dir='ltr'><strong>Ἴ</strong></span> <span class='ocrx_word' id='word_1_46' title='bbox 108 908 275 988; x_wconf 85' lang='lat' dir='ltr'>tinguendi</span> <span class='ocrx_word' id='word_1_47' title='bbox 291 915 376 970; x_wconf 89' lang='lat' dir='ltr'>sunt.</span> 
     </span>
    </p>

    <p class='ocr_par' dir='ltr' id='par_1_4' title="bbox 105 993 1123 1166">
     <span class='ocr_line' id='line_1_9' title="bbox 147 993 1085 1077; baseline 0.001 -18"><span class='ocrx_word' id='word_1_48' title='bbox 147 999 273 1059; x_wconf 82' lang='lat' dir='ltr'>Primus</span> <span class='ocrx_word' id='word_1_49' title='bbox 287 1005 333 1058; x_wconf 90' lang='lat' dir='ltr'>est</span> <span class='ocrx_word' id='word_1_50' title='bbox 347 996 415 1077; x_wconf 89' lang='lat' dir='ltr'>ejus</span> <span class='ocrx_word' id='word_1_51' title='bbox 426 1013 480 1076; x_wconf 90' lang='lat' dir='ltr'>qur</span> <span class='ocrx_word' id='word_1_52' title='bbox 496 1013 554 1056; x_wconf 89' lang='lat' dir='ltr'>nec</span> <span class='ocrx_word' id='word_1_53' title='bbox 567 994 652 1056; x_wconf 90' lang='lat' dir='ltr'>licite</span> <span class='ocrx_word' id='word_1_54' title='bbox 667 1011 725 1056; x_wconf 88' lang='lat' dir='ltr'>nec</span> <span class='ocrx_word' id='word_1_55' title='bbox 733 993 838 1057; x_wconf 86' lang='lat' dir='ltr'>valide</span> <span class='ocrx_word' id='word_1_56' title='bbox 850 1002 952 1077; x_wconf 90' lang='lat' dir='ltr'>potest</span> <span class='ocrx_word' id='word_1_57' title='bbox 966 997 1085 1060; x_wconf 89' lang='lat' dir='ltr'>habere</span> 
     </span>
     <span class='ocr_line' id='line_1_10' title="bbox 105 1081 1123 1166; baseline -0.002 -16"><span class='ocrx_word' id='word_1_58' title='bbox 105 1085 300 1158; x_wconf 84' lang='lat' dir='ltr'>dominium,</span> <span class='ocrx_word' id='word_1_59' title='bbox 315 1102 420 1164; x_wconf 90' lang='lat' dir='ltr'>neque</span> <span class='ocrx_word' id='word_1_60' title='bbox 435 1081 569 1164; x_wconf 80' lang='lat' dir='ltr'>proinde</span> <span class='ocrx_word' id='word_1_61' title='bbox 583 1082 677 1144; x_wconf 89' lang='lat' dir='ltr'>rebus</span> <span class='ocrx_word' id='word_1_62' title='bbox 698 1089 851 1162; x_wconf 86' lang='lat' dir='ltr'>tanquam</span> <span class='ocrx_word' id='word_1_63' title='bbox 872 1085 1009 1166; x_wconf 90' lang='lat' dir='ltr'>propriis</span> <span class='ocrx_word' id='word_1_64' title='bbox 1026 1087 1082 1148; x_wconf 91' lang='lat' dir='ltr'>uti.</span> <span class='ocrx_word' id='word_1_65' title='bbox 1117 1095 1123 1108; x_wconf 85' lang='lat'>&#39;</span> 
     </span>
    </p>

    <p class='ocr_par' dir='ltr' id='par_1_5' title="bbox 106 1171 1084 1342">
     <span class='ocr_line' id='line_1_11' title="bbox 147 1171 1084 1254; baseline 0.005 -22"><span class='ocrx_word' id='word_1_66' title='bbox 147 1173 318 1249; x_wconf 56' lang='lat' dir='ltr'>‚Secundum</span> <span class='ocrx_word' id='word_1_67' title='bbox 340 1173 406 1252; x_wconf 87' lang='lat' dir='ltr'>ejus</span> <span class='ocrx_word' id='word_1_68' title='bbox 428 1175 483 1253; x_wconf 91' lang='lat' dir='ltr'>qui</span> <span class='ocrx_word' id='word_1_69' title='bbox 499 1171 678 1235; x_wconf 91' lang='lat' dir='ltr'>dominium</span> <span class='ocrx_word' id='word_1_70' title='bbox 701 1179 804 1252; x_wconf 91' lang='lat' dir='ltr'>potest</span> <span class='ocrx_word' id='word_1_71' title='bbox 827 1173 954 1254; x_wconf 91' lang='lat' dir='ltr'>quidem</span> <span class='ocrx_word' id='word_1_72' title='bbox 980 1175 1084 1237; x_wconf 86' lang='lat' dir='ltr'>valide</span> 
     </span>
     <span class='ocr_line' id='line_1_12' title="bbox 106 1259 1081 1342; baseline 0.001 -17"><span class='ocrx_word' id='word_1_73' title='bbox 106 1264 227 1326; x_wconf 87' lang='lat' dir='ltr'>habere</span> <span class='ocrx_word' id='word_1_74' title='bbox 242 1262 296 1325; x_wconf 93' lang='lat' dir='ltr'>sed</span> <span class='ocrx_word' id='word_1_75' title='bbox 311 1280 374 1324; x_wconf 92' lang='lat' dir='ltr'>non</span> <span class='ocrx_word' id='word_1_76' title='bbox 390 1261 486 1337; x_wconf 89' lang='lat' dir='ltr'>licite,</span> <span class='ocrx_word' id='word_1_77' title='bbox 502 1279 560 1323; x_wconf 91' lang='lat' dir='ltr'>nec</span> <span class='ocrx_word' id='word_1_78' title='bbox 574 1261 620 1324; x_wconf 92' lang='lat' dir='ltr'>uti</span> <span class='ocrx_word' id='word_1_79' title='bbox 632 1260 716 1322; x_wconf 91' lang='lat' dir='ltr'>valet</span> <span class='ocrx_word' id='word_1_80' title='bbox 729 1259 824 1322; x_wconf 88' lang='lat' dir='ltr'>rebus</span> <span class='ocrx_word' id='word_1_81' title='bbox 838 1270 990 1342; x_wconf 89' lang='lat' dir='ltr'>tanquam</span> <span class='ocrx_word' id='word_1_82' title='bbox 1006 1265 1081 1327; x_wconf 90' lang='lat' dir='ltr'>suis.</span> 
     </span>
    </p>

    <p class='ocr_par' dir='ltr' id='par_1_6' title="bbox 105 1349 1155 1604">
     <span class='ocr_line' id='line_1_13' title="bbox 149 1349 1155 1436; baseline 0 -21"><span class='ocrx_word' id='word_1_83' title='bbox 149 1353 279 1426; x_wconf 83' lang='lat' dir='ltr'>Tertius,</span> <span class='ocrx_word' id='word_1_84' title='bbox 296 1351 433 1432; x_wconf 87' lang='lat' dir='ltr'>ejusqui</span> <span class='ocrx_word' id='word_1_85' title='bbox 449 1349 553 1412; x_wconf 89' lang='lat' dir='ltr'>valide</span> <span class='ocrx_word' id='word_1_86' title='bbox 567 1357 598 1412; x_wconf 93' lang='lat' dir='ltr'>et</span> <span class='ocrx_word' id='word_1_87' title='bbox 612 1349 696 1411; x_wconf 86' lang='lat' dir='ltr'>licite</span> <span class='ocrx_word' id='word_1_88' title='bbox 711 1355 813 1431; x_wconf 89' lang='lat' dir='ltr'>potest</span> <span class='ocrx_word' id='word_1_89' title='bbox 829 1349 1007 1415; x_wconf 89' lang='lat' dir='ltr'>dominium</span> <span class='ocrx_word' id='word_1_90' title='bbox 1024 1353 1083 1414; x_wconf 90' lang='lat' dir='ltr'>ha·</span> <span class='ocrx_word' id='word_1_91' title='bbox 1152 1429 1155 1436; x_wconf 25' lang='grc' dir='ltr'>Ι</span> 
     </span>
     <span class='ocr_line' id='line_1_14' title="bbox 105 1437 1082 1519; baseline 0 -14"><span class='ocrx_word' id='word_1_92' title='bbox 105 1441 192 1515; x_wconf 80' lang='lat' dir='ltr'>bere,</span> <span class='ocrx_word' id='word_1_93' title='bbox 220 1440 273 1502; x_wconf 90' lang='lat' dir='ltr'>sed</span> <span class='ocrx_word' id='word_1_94' title='bbox 295 1438 405 1519; x_wconf 91' lang='lat' dir='ltr'>nequit</span> <span class='ocrx_word' id='word_1_95' title='bbox 428 1438 512 1500; x_wconf 87' lang='lat' dir='ltr'>licite</span> <span class='ocrx_word' id='word_1_96' title='bbox 531 1439 576 1500; x_wconf 91' lang='lat' dir='ltr'>uti</span> <span class='ocrx_word' id='word_1_97' title='bbox 601 1437 696 1500; x_wconf 92' lang='lat' dir='ltr'>rebus</span> <span class='ocrx_word' id='word_1_98' title='bbox 717 1444 871 1519; x_wconf 90' lang='lat' dir='ltr'>tanquam</span> <span class='ocrx_word' id='word_1_99' title='bbox 891 1441 966 1503; x_wconf 91' lang='lat' dir='ltr'>suis.</span> <span class='ocrx_word' id='word_1_100' title='bbox 992 1441 1082 1505; x_wconf 86' lang='lat' dir='ltr'>Tales</span> 
     </span>
     <span class='ocr_line' id='line_1_15' title="bbox 105 1524 1071 1604; baseline -0.005 -13"><span class='ocrx_word' id='word_1_101' title='bbox 105 1539 181 1592; x_wconf 93' lang='lat' dir='ltr'>sunt</span> <span class='ocrx_word' id='word_1_102' title='bbox 196 1527 379 1592; x_wconf 82' lang='lat' dir='ltr'>scholastici</span> <span class='ocrx_word' id='word_1_103' title='bbox 395 1527 426 1587; x_wconf 94' lang='lat' dir='ltr'>in</span> <span class='ocrx_word' id='word_1_104' title='bbox 442 1524 596 1588; x_wconf 86' lang='lat' dir='ltr'>Societate</span> <span class='ocrx_word' id='word_1_105' title='bbox 614 1527 696 1588; x_wconf 83' lang='lat' dir='ltr'>lesu.</span> <span class='ocrx_word' id='word_1_106' title='bbox 1068 1599 1071 1604; x_wconf 25' lang='grc' dir='ltr'>Ι</span> 
     </span>
    </p>

    <p class='ocr_par' dir='ltr' id='par_1_7' title="bbox 103 1615 1082 2056">
     <span class='ocr_line' id='line_1_16' title="bbox 146 1615 1082 1696; baseline 0.002 -17"><span class='ocrx_word' id='word_1_107' title='bbox 146 1619 276 1695; x_wconf 82' lang='lat' dir='ltr'>Quartus</span> <span class='ocrx_word' id='word_1_108' title='bbox 289 1615 428 1691; x_wconf 92' lang='lat' dir='ltr'>tandem,</span> <span class='ocrx_word' id='word_1_109' title='bbox 442 1616 509 1696; x_wconf 90' lang='lat' dir='ltr'>ejus</span> <span class='ocrx_word' id='word_1_110' title='bbox 523 1615 579 1695; x_wconf 92' lang='lat' dir='ltr'>qui</span> <span class='ocrx_word' id='word_1_111' title='bbox 594 1633 650 1677; x_wconf 90' lang='lat' dir='ltr'>nec</span> <span class='ocrx_word' id='word_1_112' title='bbox 666 1615 790 1678; x_wconf 90' lang='lat' dir='ltr'>abdicat</span> <span class='ocrx_word' id='word_1_113' title='bbox 805 1615 984 1680; x_wconf 89' lang='lat' dir='ltr'>dominium</span> <span class='ocrx_word' id='word_1_114' title='bbox 999 1666 1006 1692; x_wconf 91' lang='lat'>,</span> <span class='ocrx_word' id='word_1_115' title='bbox 1025 1639 1082 1682; x_wconf 87' lang='lat' dir='ltr'>nee</span> 
     </span>
     <span class='ocr_line' id='line_1_17' title="bbox 106 1701 1082 1784; baseline 0 -15"><span class='ocrx_word' id='word_1_116' title='bbox 106 1725 204 1770; x_wconf 91' lang='lat' dir='ltr'>usum</span> <span class='ocrx_word' id='word_1_117' title='bbox 219 1723 325 1768; x_wconf 88' lang='lat' dir='ltr'>rerum</span> <span class='ocrx_word' id='word_1_118' title='bbox 342 1701 617 1784; x_wconf 87' lang='lat' dir='ltr'>independentem,</span> <span class='ocrx_word' id='word_1_119' title='bbox 633 1702 686 1764; x_wconf 92' lang='lat' dir='ltr'>sed</span> <span class='ocrx_word' id='word_1_120' title='bbox 702 1703 854 1766; x_wconf 83' lang='lat' dir='ltr'>duntaxat</span> <span class='ocrx_word' id='word_1_121' title='bbox 866 1714 939 1766; x_wconf 81' lang='lat' dir='ltr'>voto</span> <span class='ocrx_word' id='word_1_122' title='bbox 956 1724 988 1768; x_wconf 90' lang='lat' dir='ltr'>se</span> <span class='ocrx_word' id='word_1_123' title='bbox 1008 1707 1082 1770; x_wconf 85' lang='lat' dir='ltr'>ads·</span> 
     </span>
     <span class='ocr_line' id='line_1_18' title="bbox 107 1790 1080 1873; baseline -0.001 -16"><span class='ocrx_word' id='word_1_124' title='bbox 107 1795 220 1873; x_wconf 83' lang='lat' dir='ltr'>tringit</span> <span class='ocrx_word' id='word_1_125' title='bbox 236 1793 276 1856; x_wconf 93' lang='lat' dir='ltr'>ad</span> <span class='ocrx_word' id='word_1_126' title='bbox 300 1812 366 1856; x_wconf 93' lang='lat' dir='ltr'>non</span> <span class='ocrx_word' id='word_1_127' title='bbox 381 1790 566 1854; x_wconf 87' lang='lat' dir='ltr'>habendum</span> <span class='ocrx_word' id='word_1_128' title='bbox 585 1791 772 1872; x_wconf 90' lang='lat' dir='ltr'>temporalia</span> <span class='ocrx_word' id='word_1_129' title='bbox 798 1796 881 1854; x_wconf 88' lang='lat' dir='ltr'>ultra</span> <span class='ocrx_word' id='word_1_130' title='bbox 899 1811 1080 1857; x_wconf 90' lang='lat' dir='ltr'>mensuram</span> 
     </span>
     <span class='ocr_line' id='line_1_19' title="bbox 105 1879 1079 1946; baseline -0.002 0"><span class='ocrx_word' id='word_1_131' title='bbox 105 1883 296 1946; x_wconf 82' lang='lat' dir='ltr'>sufficientis</span> <span class='ocrx_word' id='word_1_132' title='bbox 308 1880 557 1945; x_wconf 87' lang='lat' dir='ltr'>sustentationis.</span> <span class='ocrx_word' id='word_1_133' title='bbox 581 1879 671 1943; x_wconf 84' lang='lat' dir='ltr'>Unde</span> <span class='ocrx_word' id='word_1_134' title='bbox 686 1897 750 1942; x_wconf 92' lang='lat' dir='ltr'>non</span> <span class='ocrx_word' id='word_1_135' title='bbox 766 1880 891 1944; x_wconf 86' lang='lat' dir='ltr'>abdicat</span> <span class='ocrx_word' id='word_1_136' title='bbox 910 1882 969 1944; x_wconf 93' lang='lat' dir='ltr'>nisi</span> <span class='ocrx_word' id='word_1_137' title='bbox 987 1902 1079 1945; x_wconf 91' lang='lat' dir='ltr'>usum</span> 
     </span>
     <span class='ocr_line' id='line_1_20' title="bbox 103 1973 352 2056; baseline -0.016 -20"><span class='ocrx_word' id='word_1_138' title='bbox 103 1973 352 2056; x_wconf 86' lang='lat' dir='ltr'>superfluorum.</span> 
     </span>
    </p>

    <p class='ocr_par' dir='ltr' id='par_1_8' title="bbox 102 2056 1080 2846">
     <span class='ocr_line' id='line_1_21' title="bbox 142 2056 1078 2139; baseline -0.001 -14"><span class='ocrx_word' id='word_1_139' title='bbox 142 2066 215 2126; x_wconf 83' lang='lat'>935.</span> <span class='ocrx_word' id='word_1_140' title='bbox 240 2061 337 2124; x_wconf 91' lang='lat' dir='ltr'>Porro</span> <span class='ocrx_word' id='word_1_141' title='bbox 362 2066 470 2121; x_wconf 92' lang='lat' dir='ltr'>votum</span> <span class='ocrx_word' id='word_1_142' title='bbox 496 2056 637 2122; x_wconf 90' lang='lat' dir='ltr'>solemne</span> <span class='ocrx_word' id='word_1_143' title='bbox 659 2059 853 2139; x_wconf 79' lang='lat' dir='ltr'>paupertatis</span> <span class='ocrx_word' id='word_1_144' title='bbox 874 2077 937 2122; x_wconf 94' lang='lat' dir='ltr'>non</span> <span class='ocrx_word' id='word_1_145' title='bbox 954 2065 1078 2124; x_wconf 92' lang='lat' dir='ltr'>tantum</span> 
     </span>
     <span class='ocr_line' id='line_1_22' title="bbox 102 2145 1078 2229; baseline -0.001 -15"><span class='ocrx_word' id='word_1_146' title='bbox 102 2152 246 2214; x_wconf 81' lang='lat' dir='ltr'>continet</span> <span class='ocrx_word' id='word_1_147' title='bbox 260 2145 478 2229; x_wconf 91' lang='lat' dir='ltr'>supradictum</span> <span class='ocrx_word' id='word_1_148' title='bbox 493 2145 632 2228; x_wconf 91' lang='lat' dir='ltr'>primum</span> <span class='ocrx_word' id='word_1_149' title='bbox 651 2149 845 2229; x_wconf 85' lang='lat' dir='ltr'>paupertatis</span> <span class='ocrx_word' id='word_1_150' title='bbox 860 2151 1006 2228; x_wconf 82' lang='lat' dir='ltr'>gradum,</span> <span class='ocrx_word' id='word_1_151' title='bbox 1024 2151 1078 2214; x_wconf 87' lang='lat' dir='ltr'>sed</span> 
     </span>
     <span class='ocr_line' id='line_1_23' title="bbox 102 2233 1077 2322; baseline -0.001 -19"><span class='ocrx_word' id='word_1_152' title='bbox 102 2239 258 2322; x_wconf 91' lang='lat' dir='ltr'>supponit</span> <span class='ocrx_word' id='word_1_153' title='bbox 277 2237 310 2298; x_wconf 94' lang='lat' dir='ltr'>in</span> <span class='ocrx_word' id='word_1_154' title='bbox 330 2235 512 2298; x_wconf 89' lang='lat' dir='ltr'>solemniter</span> <span class='ocrx_word' id='word_1_155' title='bbox 527 2233 667 2316; x_wconf 80' lang='lat' dir='ltr'>professo</span> <span class='ocrx_word' id='word_1_156' title='bbox 682 2246 867 2318; x_wconf 91' lang='lat' dir='ltr'>perpetuam</span> <span class='ocrx_word' id='word_1_157' title='bbox 883 2256 920 2300; x_wconf 89' lang='lat' dir='ltr'>ac</span> <span class='ocrx_word' id='word_1_158' title='bbox 945 2239 1077 2302; x_wconf 90' lang='lat' dir='ltr'>absolu·</span> 
     </span>
     <span class='ocr_line' id='line_1_24' title="bbox 103 2323 1078 2410; baseline 0.003 -20"><span class='ocrx_word' id='word_1_159' title='bbox 103 2341 168 2390; x_wconf 87' lang='lat' dir='ltr'>tam</span> <span class='ocrx_word' id='word_1_160' title='bbox 184 2326 426 2408; x_wconf 88' lang='lat' dir='ltr'>incapacitatem</span> <span class='ocrx_word' id='word_1_161' title='bbox 442 2323 564 2404; x_wconf 93' lang='lat' dir='ltr'>aliquid</span> <span class='ocrx_word' id='word_1_162' title='bbox 583 2325 756 2406; x_wconf 88' lang='lat' dir='ltr'>temporale</span> <span class='ocrx_word' id='word_1_163' title='bbox 771 2336 924 2407; x_wconf 91' lang='lat' dir='ltr'>tanquam</span> <span class='ocrx_word' id='word_1_164' title='bbox 941 2330 1078 2410; x_wconf 90' lang='lat' dir='ltr'>proprie-</span> 
     </span>
     <span class='ocr_line' id='line_1_25' title="bbox 103 2411 1080 2496; baseline 0.001 -18"><span class='ocrx_word' id='word_1_165' title='bbox 103 2417 183 2480; x_wconf 87' lang='lat' dir='ltr'>tario</span> <span class='ocrx_word' id='word_1_166' title='bbox 204 2412 357 2487; x_wconf 89' lang='lat' dir='ltr'>habendi,</span> <span class='ocrx_word' id='word_1_167' title='bbox 384 2430 421 2474; x_wconf 91' lang='lat' dir='ltr'>ac</span> <span class='ocrx_word' id='word_1_168' title='bbox 436 2411 537 2474; x_wconf 92' lang='lat' dir='ltr'>ullum</span> <span class='ocrx_word' id='word_1_169' title='bbox 560 2421 664 2474; x_wconf 91' lang='lat' dir='ltr'>actum</span> <span class='ocrx_word' id='word_1_170' title='bbox 681 2415 800 2496; x_wconf 91' lang='lat' dir='ltr'>proprii</span> <span class='ocrx_word' id='word_1_171' title='bbox 825 2414 960 2477; x_wconf 91' lang='lat' dir='ltr'>dominii</span> <span class='ocrx_word' id='word_1_172' title='bbox 976 2417 1080 2480; x_wconf 89' lang='lat' dir='ltr'>valide</span> 
     </span>
     <span class='ocr_line' id='line_1_26' title="bbox 104 2500 1079 2587; baseline 0 -21"><span class='ocrx_word' id='word_1_173' title='bbox 104 2503 285 2587; x_wconf 78' lang='lat' dir='ltr'>peragendi.</span> <span class='ocrx_word' id='word_1_174' title='bbox 308 2500 355 2562; x_wconf 83' lang='lat' dir='ltr'>Ad</span> <span class='ocrx_word' id='word_1_175' title='bbox 374 2500 448 2578; x_wconf 88' lang='lat' dir='ltr'>huc,</span> <span class='ocrx_word' id='word_1_176' title='bbox 465 2508 500 2561; x_wconf 93' lang='lat' dir='ltr'>ut</span> <span class='ocrx_word' id='word_1_177' title='bbox 512 2501 576 2582; x_wconf 77' lang='lat' dir='ltr'>Jam</span> <span class='ocrx_word' id='word_1_178' title='bbox 597 2501 757 2576; x_wconf 81' lang='lat' dir='ltr'>diximus,</span> <span class='ocrx_word' id='word_1_179' title='bbox 775 2505 950 2564; x_wconf 85' lang='lat' dir='ltr'>necessaria</span> <span class='ocrx_word' id='word_1_180' title='bbox 965 2514 1012 2566; x_wconf 87' lang='lat' dir='ltr'>est</span> <span class='ocrx_word' id='word_1_181' title='bbox 1026 2507 1079 2566; x_wconf 92' lang='lat' dir='ltr'>in-</span> 
     </span>
     <span class='ocr_line' id='line_1_27' title="bbox 103 2589 1078 2672; baseline -0.001 -15"><span class='ocrx_word' id='word_1_182' title='bbox 103 2593 258 2658; x_wconf 88' lang='lat' dir='ltr'>terventio</span> <span class='ocrx_word' id='word_1_183' title='bbox 272 2590 431 2672; x_wconf 86' lang='lat' dir='ltr'>potestatis</span> <span class='ocrx_word' id='word_1_184' title='bbox 444 2589 608 2663; x_wconf 81' lang='lat' dir='ltr'>Ecclesiae,</span> <span class='ocrx_word' id='word_1_185' title='bbox 631 2607 703 2650; x_wconf 91' lang='lat' dir='ltr'>cnm</span> <span class='ocrx_word' id='word_1_186' title='bbox 724 2607 819 2653; x_wconf 92' lang='lat' dir='ltr'>nemo</span> <span class='ocrx_word' id='word_1_187' title='bbox 833 2601 926 2671; x_wconf 87' lang='lat' dir='ltr'>queat</span> <span class='ocrx_word' id='word_1_188' title='bbox 942 2592 1002 2654; x_wconf 90' lang='lat' dir='ltr'>sibi</span> <span class='ocrx_word' id='word_1_189' title='bbox 1018 2612 1078 2656; x_wconf 89' lang='lat' dir='ltr'>au·</span> 
     </span>
     <span class='ocr_line' id='line_1_28' title="bbox 103 2679 1077 2760; baseline 0 -16"><span class='ocrx_word' id='word_1_190' title='bbox 103 2682 186 2746; x_wconf 88' lang='lat' dir='ltr'>ferre</span> <span class='ocrx_word' id='word_1_191' title='bbox 205 2681 301 2743; x_wconf 89' lang='lat' dir='ltr'>talem</span> <span class='ocrx_word' id='word_1_192' title='bbox 320 2679 524 2760; x_wconf 89' lang='lat' dir='ltr'>capacitatem</span> <span class='ocrx_word' id='word_1_193' title='bbox 547 2684 699 2739; x_wconf 82' lang='lat' dir='ltr'>enatura</span> <span class='ocrx_word' id='word_1_194' title='bbox 722 2679 894 2760; x_wconf 87' lang='lat' dir='ltr'>unicuique</span> <span class='ocrx_word' id='word_1_195' title='bbox 920 2681 1077 2744; x_wconf 89' lang='lat' dir='ltr'>inhaeren-</span> 
     </span>
     <span class='ocr_line' id='line_1_29' title="bbox 103 2763 705 2846; baseline -0.013 -12"><span class='ocrx_word' id='word_1_196' title='bbox 103 2779 167 2835; x_wconf 89' lang='lat' dir='ltr'>tem</span> <span class='ocrx_word' id='word_1_197' title='bbox 182 2790 191 2846; x_wconf 93' lang='lat'>;</span> <span class='ocrx_word' id='word_1_198' title='bbox 208 2769 285 2831; x_wconf 90' lang='lat' dir='ltr'>etin</span> <span class='ocrx_word' id='word_1_199' title='bbox 301 2768 362 2830; x_wconf 86' lang='lat' dir='ltr'>hoo</span> <span class='ocrx_word' id='word_1_200' title='bbox 375 2785 485 2829; x_wconf 89' lang='lat' dir='ltr'>omnes</span> <span class='ocrx_word' id='word_1_201' title='bbox 499 2763 705 2828; x_wconf 87' lang='lat' dir='ltr'>concordant.</span> 
     </span>
    </p>

    <p class='ocr_par' dir='ltr' id='par_1_9' title="bbox 104 2855 1110 3827">
     <span class='ocr_line' id='line_1_30' title="bbox 144 2855 1079 2937; baseline -0.001 -16"><span class='ocrx_word' id='word_1_202' title='bbox 144 2859 218 2921; x_wconf 87' lang='lat' dir='ltr'>llaec</span> <span class='ocrx_word' id='word_1_203' title='bbox 242 2856 414 2937; x_wconf 80' lang='lat' dir='ltr'>praesertim</span> <span class='ocrx_word' id='word_1_204' title='bbox 433 2862 578 2918; x_wconf 87' lang='lat' dir='ltr'>constant</span> <span class='ocrx_word' id='word_1_205' title='bbox 592 2871 661 2934; x_wconf 88' lang='lat' dir='ltr'>cap.</span> <span class='ocrx_word' id='word_1_206' title='bbox 680 2855 756 2918; x_wconf 80' lang='lat' dir='ltr'>Cam</span> <span class='ocrx_word' id='word_1_207' title='bbox 769 2855 811 2918; x_wconf 86' lang='lat' dir='ltr'>cd</span> <span class='ocrx_word' id='word_1_208' title='bbox 824 2861 1034 2920; x_wconf 80' lang='lat' dir='ltr'>monasterium</span> <span class='ocrx_word' id='word_1_209' title='bbox 1049 2864 1079 2937; x_wconf 86' lang='lat'>6,</span> 
     </span>
     <span class='ocr_line' id='line_1_31' title="bbox 105 2943 1080 3022; baseline -0.002 -11"><span class='ocrx_word' id='word_1_210' title='bbox 105 2949 149 3011; x_wconf 86' lang='lat' dir='ltr'>De</span> <span class='ocrx_word' id='word_1_211' title='bbox 162 2956 239 3009; x_wconf 83' lang='lat' dir='ltr'>statu</span> <span class='ocrx_word' id='word_1_212' title='bbox 260 2943 484 3018; x_wconf 74' lang='lat' dir='ltr'>monachorum,</span> <span class='ocrx_word' id='word_1_213' title='bbox 502 2943 555 3005; x_wconf 91' lang='lat' dir='ltr'>ubi</span> <span class='ocrx_word' id='word_1_214' title='bbox 577 2943 684 3006; x_wconf 86' lang='lat' dir='ltr'>lnnoc.</span> <span class='ocrx_word' id='word_1_215' title='bbox 709 2943 768 3019; x_wconf 93' lang='lat' dir='ltr'>lll,</span> <span class='ocrx_word' id='word_1_216' title='bbox 794 2963 878 3007; x_wconf 91' lang='lat' dir='ltr'>anno</span> <span class='ocrx_word' id='word_1_217' title='bbox 895 2951 971 3009; x_wconf 73' lang='lat' dir='ltr'>lata</span> <span class='ocrx_word' id='word_1_218' title='bbox 987 2995 995 3022; x_wconf 86' lang='lat'><strong>‚</strong></span> <span class='ocrx_word' id='word_1_219' title='bbox 1013 2949 1080 3010; x_wconf 88' lang='lat' dir='ltr'>ait:</span> 
     </span>
     <span class='ocr_line' id='line_1_32' title="bbox 109 3032 1081 3118; baseline 0.002 -22"><span class='ocrx_word' id='word_1_220' title='bbox 109 3063 124 3096; x_wconf 76' lang='lat' dir='ltr'>u</span> <span class='ocrx_word' id='word_1_221' title='bbox 146 3035 406 3098; x_wconf 88' lang='lat' dir='ltr'>Prohibemus....</span> <span class='ocrx_word' id='word_1_222' title='bbox 423 3051 463 3094; x_wconf 89' lang='lat' dir='ltr'>ne</span> <span class='ocrx_word' id='word_1_223' title='bbox 478 3033 551 3112; x_wconf 90' lang='lat' dir='ltr'>quis</span> <span class='ocrx_word' id='word_1_224' title='bbox 566 3032 794 3095; x_wconf 92' lang='lat' dir='ltr'>monachorum</span> <span class='ocrx_word' id='word_1_225' title='bbox 805 3037 964 3116; x_wconf 78' lang='lat' dir='ltr'>proprium</span> <span class='ocrx_word' id='word_1_226' title='bbox 980 3036 1081 3118; x_wconf 84' lang='lat' dir='ltr'>aliquo</span> 
     </span>
     <span class='ocr_line' id='line_1_33' title="bbox 105 3120 1110 3206; baseline -0.003 -20"><span class='ocrx_word' id='word_1_227' title='bbox 105 3151 120 3186; x_wconf 83' lang='lat' dir='ltr'>u</span> <span class='ocrx_word' id='word_1_228' title='bbox 146 3124 231 3186; x_wconf 81' lang='lat' dir='ltr'>morlo</span> <span class='ocrx_word' id='word_1_229' title='bbox 249 3122 352 3186; x_wconf 76' lang='lat' dir='ltr'>lubeat</span> <span class='ocrx_word' id='word_1_230' title='bbox 355 3166 415 3184; x_wconf 92' lang='grc'><strong>.....</strong></span> <span class='ocrx_word' id='word_1_231' title='bbox 433 3120 592 3184; x_wconf 82' lang='lat' dir='ltr'>sivero...</span> <span class='ocrx_word' id='word_1_232' title='bbox 609 3123 823 3202; x_wconf 80' lang='lat' dir='ltr'>proprietatem</span> <span class='ocrx_word' id='word_1_233' title='bbox 839 3125 974 3206; x_wconf 82' lang='lat' dir='ltr'>aliquam</span> <span class='ocrx_word' id='word_1_234' title='bbox 989 3125 1082 3188; x_wconf 88' lang='lat' dir='ltr'>fuerit</span> <span class='ocrx_word' id='word_1_235' title='bbox 1107 3177 1110 3183; x_wconf 91' lang='grc'><em>,</em></span> 
     </span>
     <span class='ocr_line' id='line_1_34' title="bbox 105 3209 1079 3296; baseline 0.003 -22"><span class='ocrx_word' id='word_1_236' title='bbox 105 3237 120 3274; x_wconf 77' lang='lat' dir='ltr'>a</span> <span class='ocrx_word' id='word_1_237' title='bbox 145 3213 363 3296; x_wconf 83' lang='lat' dir='ltr'>deprehensus</span> <span class='ocrx_word' id='word_1_238' title='bbox 383 3209 517 3284; x_wconf 83' lang='lat' dir='ltr'>habere,</span> <span class='ocrx_word' id='word_1_239' title='bbox 544 3210 682 3288; x_wconf 86' lang='lat' dir='ltr'>regulari</span> <span class='ocrx_word' id='word_1_240' title='bbox 704 3211 879 3275; x_wconf 89' lang='lat' dir='ltr'>monitione</span> <span class='ocrx_word' id='word_1_241' title='bbox 904 3215 1079 3293; x_wconf 78' lang='lat' dir='ltr'>premissa,</span> 
     </span>
     <span class='ocr_line' id='line_1_35' title="bbox 105 3297 1082 3381; baseline 0.005 -18"><span class='ocrx_word' id='word_1_242' title='bbox 105 3328 120 3363; x_wconf 78' lang='lat' dir='ltr'>u</span> <span class='ocrx_word' id='word_1_243' title='bbox 146 3303 186 3365; x_wconf 89' lang='lat' dir='ltr'>de</span> <span class='ocrx_word' id='word_1_244' title='bbox 201 3301 394 3366; x_wconf 88' lang='lat' dir='ltr'>monasterio</span> <span class='ocrx_word' id='word_1_245' title='bbox 409 3297 596 3380; x_wconf 81' lang='lat' dir='ltr'>expellatur,</span> <span class='ocrx_word' id='word_1_246' title='bbox 614 3317 673 3361; x_wconf 91' lang='lat' dir='ltr'>nec</span> <span class='ocrx_word' id='word_1_247' title='bbox 687 3299 858 3381; x_wconf 89' lang='lat' dir='ltr'>recipiatur</span> <span class='ocrx_word' id='word_1_248' title='bbox 874 3301 1005 3365; x_wconf 87' lang='lat' dir='ltr'>ulterlus</span> <span class='ocrx_word' id='word_1_249' title='bbox 1021 3306 1082 3368; x_wconf 92' lang='lat' dir='ltr'>nisi</span> 
     </span>
     <span class='ocr_line' id='line_1_36' title="bbox 104 3385 1083 3474; baseline 0.009 -26"><span class='ocrx_word' id='word_1_250' title='bbox 104 3415 120 3448; x_wconf 62' lang='lat' dir='ltr'>a</span> <span class='ocrx_word' id='word_1_251' title='bbox 148 3391 300 3474; x_wconf 84' lang='lat' dir='ltr'>poeniteat</span> <span class='ocrx_word' id='word_1_252' title='bbox 314 3385 489 3450; x_wconf 86' lang='lat' dir='ltr'>secundum</span> <span class='ocrx_word' id='word_1_253' title='bbox 506 3388 712 3449; x_wconf 84' lang='lat' dir='ltr'>monasticam</span> <span class='ocrx_word' id='word_1_254' title='bbox 727 3387 965 3470; x_wconf 88' lang='lat' dir='ltr'>disciplinam...</span> <span class='ocrx_word' id='word_1_255' title='bbox 992 3391 1083 3457; x_wconf 87' lang='lat' dir='ltr'>Unde</span> 
     </span>
     <span class='ocr_line' id='line_1_37' title="bbox 104 3472 1081 3561; baseline 0.004 -21"><span class='ocrx_word' id='word_1_256' title='bbox 104 3505 120 3540; x_wconf 74' lang='lat' dir='ltr'>a</span> <span class='ocrx_word' id='word_1_257' title='bbox 146 3482 171 3542; x_wconf 85' lang='lat' dir='ltr'>si</span> <span class='ocrx_word' id='word_1_258' title='bbox 185 3478 363 3561; x_wconf 85' lang='lat' dir='ltr'>quidquam</span> <span class='ocrx_word' id='word_1_259' title='bbox 386 3475 480 3537; x_wconf 91' lang='lat' dir='ltr'>alicui</span> <span class='ocrx_word' id='word_1_260' title='bbox 500 3472 594 3535; x_wconf 84' lang='lat' dir='ltr'>fuerit</span> <span class='ocrx_word' id='word_1_261' title='bbox 608 3474 786 3557; x_wconf 87' lang='lat' dir='ltr'>specialiter</span> <span class='ocrx_word' id='word_1_262' title='bbox 800 3476 1008 3552; x_wconf 80' lang='lat' dir='ltr'>destinatum,</span> <span class='ocrx_word' id='word_1_263' title='bbox 1022 3503 1081 3544; x_wconf 88' lang='lat' dir='ltr'>non</span> 
     </span>
     <span class='ocr_line' id='line_1_38' title="bbox 105 3561 1081 3650; baseline 0.005 -20"><span class='ocrx_word' id='word_1_264' title='bbox 105 3592 120 3630; x_wconf 79' lang='lat' dir='ltr'>s</span> <span class='ocrx_word' id='word_1_265' title='bbox 146 3576 307 3650; x_wconf 74' lang='lat' dir='ltr'>presumat</span> <span class='ocrx_word' id='word_1_266' title='bbox 321 3566 462 3645; x_wconf 75' lang='lat' dir='ltr'>accepere,</span> <span class='ocrx_word' id='word_1_267' title='bbox 478 3561 532 3624; x_wconf 91' lang='lat' dir='ltr'>sed</span> <span class='ocrx_word' id='word_1_268' title='bbox 547 3562 682 3637; x_wconf 83' lang='lat' dir='ltr'>Abbati,</span> <span class='ocrx_word' id='word_1_269' title='bbox 698 3564 747 3626; x_wconf 88' lang='lat' dir='ltr'>vel</span> <span class='ocrx_word' id='word_1_270' title='bbox 763 3565 874 3643; x_wconf 87' lang='lat' dir='ltr'>Priori,</span> <span class='ocrx_word' id='word_1_271' title='bbox 891 3569 939 3630; x_wconf 90' lang='lat' dir='ltr'>vel</span> <span class='ocrx_word' id='word_1_272' title='bbox 954 3571 1081 3637; x_wconf 90' lang='lat' dir='ltr'>cellario</span> 
     </span>
     <span class='ocr_line' id='line_1_39' title="bbox 105 3650 1077 3737; baseline 0.002 -18"><span class='ocrx_word' id='word_1_273' title='bbox 105 3681 121 3719; x_wconf 71' lang='lat' dir='ltr'>a</span> <span class='ocrx_word' id='word_1_274' title='bbox 146 3659 314 3737; x_wconf 72' lang='lat' dir='ltr'>assipnetur</span> <span class='ocrx_word' id='word_1_275' title='bbox 334 3677 364 3717; x_wconf 77' lang='lat' dir='ltr'>u.</span> <span class='ocrx_word' id='word_1_276' title='bbox 387 3653 426 3714; x_wconf 86' lang='lat' dir='ltr'>Et</span> <span class='ocrx_word' id='word_1_277' title='bbox 439 3670 478 3714; x_wconf 87' lang='lat' dir='ltr'>ex</span> <span class='ocrx_word' id='word_1_278' title='bbox 500 3650 594 3713; x_wconf 86' lang='lat' dir='ltr'>Cone.</span> <span class='ocrx_word' id='word_1_279' title='bbox 617 3651 756 3716; x_wconf 83' lang='lat' dir='ltr'>Trident.</span> <span class='ocrx_word' id='word_1_280' title='bbox 784 3653 876 3737; x_wconf 86' lang='lat' dir='ltr'>(Sess.</span> <span class='ocrx_word' id='word_1_281' title='bbox 899 3673 971 3735; x_wconf 82' lang='lat' dir='ltr'>xxv,</span> <span class='ocrx_word' id='word_1_282' title='bbox 997 3677 1023 3723; x_wconf 89' lang='lat' dir='ltr'>e.</span> <span class='ocrx_word' id='word_1_283' title='bbox 1048 3659 1077 3736; x_wconf 71' lang='grc' dir='ltr'>Ξ,</span> 
     </span>
     <span class='ocr_line' id='line_1_40' title="bbox 107 3739 1079 3827; baseline 0.003 -16"><span class='ocrx_word' id='word_1_284' title='bbox 107 3747 152 3812; x_wconf 84' lang='lat' dir='ltr'>De</span> <span class='ocrx_word' id='word_1_285' title='bbox 164 3743 325 3827; x_wconf 66' lang='lat' dir='ltr'>repulsa),</span> <span class='ocrx_word' id='word_1_286' title='bbox 342 3740 549 3806; x_wconf 83' lang='lat' dir='ltr'>ubidicitur:</span> <span class='ocrx_word' id='word_1_287' title='bbox 576 3761 591 3800; x_wconf 79' lang='lat' dir='ltr'>u</span> <span class='ocrx_word' id='word_1_288' title='bbox 611 3739 760 3805; x_wconf 88' lang='lat' dir='ltr'>Nemini..</span> <span class='ocrx_word' id='word_1_289' title='bbox 792 3745 997 3824; x_wconf 83' lang='lat' dir='ltr'>regularium,</span> <span class='ocrx_word' id='word_1_290' title='bbox 1014 3756 1079 3814; x_wconf 87' lang='lat' dir='ltr'>tam</span> 
     </span>
    </p>
   </div>
   <div class='ocr_carea' id='block_1_3' title="bbox 0 0 1300 4208">
    <p class='ocr_par' dir='ltr' id='par_1_10' title="bbox 0 0 1300 4208">
     <span class='ocr_line' id='line_1_41' title="bbox 0 0 1300 4208; baseline 0 0"><span class='ocrx_word' id='word_1_291' title='bbox 0 0 1300 4208; x_wconf 95' lang='lat' dir='ltr'> </span> 
     </span>
    </p>
   </div>
  </div>
 </body>
</html>
