2574 4198
498 225 584 266 stituit
604 225 736 270 titurius
1049 230 1105 280 iiiii

170 316 236 375 imo
260 295 435 394 aliquando,
460 318 552 379 etiam
574 325 696 399 propter
713 322 835 388 alterius
858 329 1013 406 delictum,
1034 337 1106 398 certi

129 407 216 464 aetus
224 405 316 482 poentt
328 403 471 466 nuditatis
481 405 512 464 in
523 405 737 470 detrimentum
745 411 915 480 innocentis
923 421 1106 502 plectuntur,

129 497 224 570 prout
245 493 345 552 evenit
363 491 393 552 in
408 511 479 554 casu
498 494 696 574 promotionis
712 498 748 558 ad
764 500 1020 590 beneficiumper
1034 511 1106 571 3113-

129 579 197 640 3133
212 579 373 640 simoniam
391 599 399 641 ι
415 581 467 642 sed
483 583 590 643 merito
605 582 778 661 hujusmodi
795 597 944 670 promotio
961 597 992 657 fit
1012 599 1106 676 irrita,

128 684 195 726 non
214 668 339 747 quidem
356 669 385 729 in
401 670 589 748 punitionem
606 675 747 752 promoti,
763 679 835 740 cum
850 682 886 742 sit
903 683 1060 763 innocens,
1078 697 1107 748 et
1207 743 1208 748 ,

130 753 228 834 ipsius
247 763 385 837 respectu
402 757 466 818 talis
489 758 612 821 irritatio
628 781 688 823 non
707 772 752 826 est
770 786 857 846 poeiia
879 775 999 852 proprie
1017 774 1105 850 diota,

129 845 204 904 oiim
230 863 291 905 non
316 847 353 906 sit
373 853 480 909 statuta
503 849 539 908 ad
566 867 636 912 eum
660 853 864 932 punienduiii;
881 860 933 921 sed
953 862 983 922 in
1004 863 1106 925 odium

128 931 276 994 horrendi
289 934 424 995 eriiiiinis
439 937 587 1010 simoniae,
602 940 683 1016 quod
697 941 831 1025 alioquin
849 965 908 1007 non
924 951 995 1011 satis
1008 952 1105 1013 edica-

128 1020 208 1080 citer
222 1022 474 1102 comprimeretur
489 1045 495 1086 :
512 1026 698 1090 333-(1311331
711 1035 812 1094 tamen
827 1034 999 1112 huiusmodi
1011 1059 1105 1120 pnenae

130 1107 228 1190 indigi
255 1111 314 1182 nisi
334 1111 477 1189 exjustis
498 1116 621 1176 causis:
643 1118 724 1179 unde
748 1121 857 1184 dicitur
879 1125 909 1184 in
932 1129 1103 1206 33331393.

129 1197 165 1256 13
178 1202 230 1259 6⁰:
250 1199 458 1281 3313333131,
477 1200 532 1263 nisi
552 1202 641 1264 subiit
662 1224 760 1284 33333,
779 1229 838 1272 non
859 1221 903 1275 est
922 1215 1030 1297 aliquis
1050 1237 1101 1297 pu·

134 1305 152 1344 3
174 1287 306 1350 niendus
318 1310 347 1350 i.

177 1375 483 1446 aruritaemeicum
504 1381 565 1444 lioc
593 1382 716 1443 videtur
731 1381 835 1462 quoad
852 1399 1043 1462 poenasque
1060 1379 1090 1440 in

132 1471 496 1554 judioiisiinponuntur‚
513 1470 585 1532 ciiin
600 1470 771 1532 ridiculum
788 1479 867 1533 esset
883 1470 921 1531 ad
934 1469 1091 1548 judicium

135 1579 301 1623 recurrere
318 1569 445 1640 propter
461 1560 542 1621 teves
555 1559 681 1640 cuipas3
699 1558 723 1620 si
736 1557 810 1621 vero
824 1558 981 1636 agaturde
993 1559 1093 1638 poenis

136 1668 211 1731 quat
228 1657 315 1710 extra
329 1649 448 1728 judicia
464 1648 563 1727 infligi
581 1648 696 1720 valent,
714 1665 778 1710 non
803 1647 975 1727 requiritur
995 1655 1030 1707 ut
1047 1645 1062 1707 f
1079 1680 1093 1694 ·
1193 1720 1194 1724 Ἰ

136 1749 254 1801 rantur
269 1756 392 1817 semper
408 1747 535 1818 proiitcr
550 1737 656 1818 gravia
668 1737 812 1806 crimina,
830 1735 882 1797 sed
894 1735 1048 1796 duntaxat
1060 1744 1094 1796 ut

136 1827 206 1890 3131
234 1825 337 1906 culpis
366 1827 631 1907 proportionale:
653 1825 736 1886 uude
763 1825 907 1904 quantiam
931 1823 1094 1885 levessus·

139 1915 312 1999 pensiones
328 1914 426 1992 inssigi
443 1917 574 1995 possunt
592 1921 718 1995 propter
733 1915 843 1994 culpas
859 1913 1004 1974 veniales.
1018 1911 1093 1974 ltcni

137 2003 429 2068 excommunicatio
458 2004 560 2067 minor
577 2003 696 2064 incurii
714 2011 816 2084 posset
835 2020 890 2084 per
915 2001 1093 2064 communi-

138 2091 301 2156 cationem
316 2111 386 2174 333
400 2112 464 2156 333
480 2101 560 2156 33331
573 2091 745 2156 mortaliter
760 2091 843 2153 maia

165 2173 200 2233 4⁰
216 2171 452 2236 Consummatnin
471 2193 477 2234 :
496 2191 605 2256 nempe
620 2177 782 2254 requiritur
800 2177 838 2237 ad
859 2193 981 2256 poenam
1002 2179 1099 2236 incur·

124 2259 256 2322 rendam
270 2265 303 2322 nt
317 2260 488 2342 perficiatur
503 2261 533 2322 id
548 2261 670 2342 piaecise
684 2261 828 2324 delictum
842 2263 929 2344 quod·
940 2265 985 2324 lex
1001 2264 1098 2324 inten-

125 2349 169 2412 dit
190 2350 321 2428 plectere
341 2350 390 2410 1311
415 2352 504 2430 poenti
525 2369 531 2410 :
554 2349 634 2412 unde
656 2349 719 2410 soia
742 2352 896 2412 attentatio
918 2351 1029 2426 deiicti,
1055 2350 1099 2412 vei

125 2437 301 2520 cooperatio
327 2437 364 2499 ad
392 2437 464 2500 titud
489 2456 543 2519 per
570 2437 748 2516 eonsilium,
779 2439 971 2514 mandatum,
1000 2439 1102 2517 puniri

126 2526 235 2606 nequit
253 2529 342 2606 poena
359 2527 415 2587 tait
437 2529 542 2588 contra
563 2526 736 2606 hujusmodi
758 2527 903 2589 delictum
923 2546 931 2587 t
949 2527 1030 2588 unde
1050 2529 1100 2606 qui

127 2615 194 2680 vuit
215 2614 364 2690 occidere,
379 2614 424 2676 vel
445 2615 578 2676 verberat
600 2615 638 2676 ad
662 2615 875 2692 occidendum,
890 2634 953 2678 non
979 2615 1101 2678 incurrit

129 2723 237 2788 poenas
256 2705 360 2766 eontra
382 2703 579 2765 homicidium
599 2704 682 2780 13133,
697 2704 720 2766 31
740 2707 843 2768 reverti
863 2723 925 2768 333
946 2705 1101 2781 occiderit,

130 2793 201 2876 quia
215 2792 284 2855 odia
298 2799 369 2854 sunt
383 2792 610 2873 restringenda3
626 2811 714 2855 secus
730 2800 820 2868 esset,
836 2793 861 2854 si
881 2793 927 2854 lex
943 2794 1103 2872 ipsammet

128 2884 359 2945 attentationem
372 2884 460 2962 poena
475 2881 611 2943 mulctari
624 2880 807 2944 intendisset.

170 2974 203 3036 5⁰
216 2971 322 3035 Oetitt
332 2969 509 3054 probntnm¹
528 2990 535 3030 :
552 2968 616 3032 haeo
630 2969 762 3032 conditio
776 2969 938 3050 requiritur
958 2969 1104 3032 duntaxat

130 3080 187 3146 pro
195 3063 294 3143 poenis
302 3080 370 3142 quae
381 3059 501 3122 nonnisi
513 3069 579 3140 post
588 3059 769 3121 sententiam
779 3061 923 3139 prolatam
934 3061 1102 3121 executioni

130 3159 260 3236 possunt
274 3149 423 3225 mandari,
437 3167 499 3210 non
516 3148 586 3210 verd
599 3167 655 3230 pro
673 3149 770 3230 poenis
784 3149 849 3228 ipso
862 3149 929 3227 jure
945 3148 1021 3221 13113,
1035 3165 1102 3229 quae

130 3260 188 3324 pei·
209 3241 371 3321 ipsammet
390 3237 489 3318 legem
512 3238 722 3300 executionem
743 3235 891 3314 obtinent,
913 3241 947 3298 ut
968 3255 1102 3300 censurae

130 3332 198 3412 ipso
212 3330 292 3393 iacto
306 3327 383 3390 13113.

171 3423 242 3484 807.
267 3419 390 3490 Quaerit.
407 3419 441 3479 6ο
455 3418 502 3478 An
516 3421 544 3478 et
559 3415 686 3496 qualiter
700 3433 789 3496 poena
803 3415 894 3496 possit
910 3415 1046 3480 remitti?

167 3636 174 3664 ¹
191 3651 204 3678 ι
217 3630 303 3682 Satius
315 3628 463 3695 impunitum
472 3629 612 3695 relinquero
624 3627 720 3679 1331333
731 3629 852 3690 33333113,
863 3628 938 3694 quim
947 3629 1102 3682 innocentem

136 3722 149 3758 3
164 3703 293 3756 damnare.
310 3719 320 3748 i
334 3700 386 3752 Lex
396 3699 540 3766 justitiane.
