2574 4198
192 317 249 380 632
466 327 617 374 accusarit
637 325 719 371 anais
740 325 886 373 aaronica.

193 435 283 505 tfiut;
300 431 372 492 item
392 426 554 508 requiritur
576 433 611 488 ut
628 445 724 488 novus
738 435 907 491 contractus
926 447 988 490 non
1009 434 1108 492 mutet
1121 429 1167 494 vel

192 519 297 580 saltem
311 537 373 578 non
389 520 497 598 augeat
508 514 698 576 conditiones
712 517 820 596 prioris
833 517 1031 580 alienationis.

232 606 442 668 Solemnitates
456 610 558 665 autern
574 621 634 664 non
649 604 846 682 requiruntur
861 623 915 685 pro
929 605 1065 668 locandis
1076 607 1166 672 rebus

194 694 399 758 ecclesiasticis
413 691 490 753 infra
502 691 666 752 triennium
682 691 813 770 (Extrav.
829 693 1021 774 Ambitiosa).

231 783 371 845 Potestne
393 781 480 859 adjici
501 779 666 842 contractui
686 780 787 860 quod,
811 781 944 862 expirato
966 783 1118 860 triennio,
1142 787 1168 849 si

192 877 278 932 antea
301 869 511 933 contrahentes
532 885 592 928 non
614 867 833 930 manifestarint
852 870 1052 932 intentionem
1071 873 1112 934 ab
1132 891 1168 936 eo

193 960 369 1036 recedendi,
387 957 493 1020 locatio
512 955 616 1018 eadem
632 955 669 1016 ad
688 956 768 1017 aliud
788 959 953 1019 triennium
976 969 1169 1042 prorogetur,

193 1055 222 1111 et
236 1049 276 1109 ita
290 1049 327 1109 de
342 1047 472 1115 triennio
482 1047 513 1106 in
528 1045 692 1106 triennium
708 1053 864 1127 prorogata
877 1048 1110 1110 censeatar‘l-
1124 1053 1169 1114 De

192 1137 251 1198 hoc
264 1136 330 1196 vide
346 1135 497 1204 Manuale,
513 1143 546 1194 n⁰
560 1136 650 1195 5339.
904 1159 906 1164 v
1230 1137 1233 1141 ’

233 1225 364 1285 Observa
384 1225 431 1284 bic
448 1222 528 1302 quod
543 1230 673 1282 rectores
684 1221 900 1286 beneficiorum
915 1230 1053 1287 vetentur
1069 1227 1169 1306 perei-

194 1331 264 1392 pere
293 1312 426 1373 redditus
452 1317 613 1390 antequam
639 1316 758 1390 teirtpus
783 1313 942 1376 solutionis
967 1314 1099 1376 veniat:
1125 1317 1169 1379 sic

193 1401 276 1462 enim
298 1400 387 1462 babet
408 1399 520 1461 Gonnil.
547 1397 680 1460 Tridenl.
705 1397 790 1479 (sess
815 1405 865 1476 25,
890 1421 917 1463 c.
940 1405 990 1474 ll,
1011 1401 1056 1462 De
1075 1403 1169 1484 resi:

198 1491 373 1569 «Magnam
398 1487 531 1550 ecclesiis
559 1487 725 1567 perniciem
745 1488 851 1550 afferre
874 1490 948 1552 solet
967 1491 1039 1552 obm
1061 1509 1167 1554 earum

197 1598 212 1639 a
233 1577 322 1653 bona,
332 1574 681 1658 repraesentatapeoaniti,
694 1576 724 1638 in
736 1595 943 1640 successorum
954 1579 1167 1658 praeJudicium

130 1706 136 1712 -
199 1687 213 1724 a
234 1667 301 1728 aliis
316 1666 467 1739 locantur3
480 1683 588 1726 ornnes
602 1665 691 1744 igilur
702 1663 749 1726 hac
761 1665 935 1741 locationes,
951 1667 980 1728 si
991 1668 1167 1750 anticipatis

197 1777 211 1812 a
231 1755 424 1817 solutionibus
443 1753 525 1836 pient,
542 1753 713 1814 nullatenus
731 1753 762 1814 in
781 1755 990 1835 praeJudicium
1009 1775 1166 1820 successo·

197 1868 210 1900 n
232 1863 298 1906 rum
313 1843 417 1907 vatius
427 1843 631 1922 intelligantur
641 1843 663 1916 ¹,
680 1861 874 1923 quocumque
888 1845 1018 1916 Indulto,
1036 1854 1090 1907 aut
1105 1849 1165 1927 pri-

197 1955 212 1990 n
232 1933 339 2012 vilegio
351 1950 411 1993 non
427 1932 574 1992 obstante.
590 1933 651 2012 Nec
666 1930 839 2009 hujusmodi
852 1932 1015 1994 locationes
1028 1933 1060 1994 in
1075 1936 1164 1997 Curia

197 2043 212 2079 a
233 2023 369 2081 Romana
383 2019 428 2080 vel
442 2027 525 2080 extra
539 2037 606 2079 eam
620 2019 848 2082 confirmentur,
864 2041 880 2080 n

231 2110 312 2173 Nota
338 2108 435 2170 adhuc
458 2107 540 2188 qaod
567 2108 592 2168 si
616 2126 662 2168 res
683 2109 868 2188 privatorum
892 2109 1015 2172 alienari
1036 2121 1166 2193 possunt

193 2197 427 2280 praescriptione,
445 2196 484 2258 ila
497 2197 605 2278 pariter
620 2203 648 2258 et
658 2195 737 2257 bona
752 2198 963 2272 ecclesiastica,
978 2200 1163 2279 quibusdam

191 2296 291 2349 tamen
313 2287 454 2366 exceptis,
475 2303 584 2366 nempe
603 2285 808 2347 immobilibus
826 2305 894 2366 quae
910 2287 948 2348 ad
971 2287 1090 2350 cultum
1112 2292 1165 2353 Dei

191 2375 400 2437 immediatum
424 2383 639 2436 consecrantur
663 2373 708 2433 vel
733 2373 964 2446 benedicuntur,
982 2384 1012 2437 ut
1036 2380 1163 2461 templa,

191 2466 372 2535 coemeteria,
384 2471 441 2527 eto.
458 2463 729 2525 Hoenihilominbs
741 2470 786 2524 est
799 2463 962 2526 discrimen
974 2464 1052 2527 inter
1066 2469 1164 2530 eccle·

191 2555 266 2615 siam
281 2562 309 2615 et
327 2555 466 2634 privatos,
484 2553 567 2632 qaod
583 2553 620 2613 ad
640 2551 805 2612 immobilia
825 2553 869 2614 vel
887 2553 955 2630 jura
976 2554 1164 2635 privatorum

191 2643 413 2722 praescribenda
437 2641 590 2702 sufiiciunt
613 2641 643 2701 in
664 2639 748 2700 omni
766 2659 838 2702 casu
858 2641 979 2721 triginta
998 2645 1085 2720 anni,
1102 2646 1165 2709 imo

191 2733 214 2792 si
230 2731 305 2793 adsit
321 2731 424 2792 titulus
441 2730 602 2806 coloratus,
618 2730 724 2790 decem
738 2731 857 2798 tanturn
876 2731 948 2790 anni
967 2734 1165 2812 requiruntur

192 2821 268 2882 inter
291 2827 509 2902 p1·a‘senles‚et
530 2819 636 2899 viginti
661 2819 737 2879 inter
756 2817 905 2896 absentes
927 2821 1017 2882 etiam
1039 2825 1164 2901 quando

190 2910 227 2971 ab
238 2910 371 2972 Ecclesia
386 2909 631 2984 praescribuntur,
644 2915 677 2968 nt
686 2913 802 2968 constat
816 2925 851 2968 ex
861 2926 927 2986 cap.
939 2907 1121 2972 Sanctorum
1131 2919 1162 2988 3,

191 2998 233 3060 De
244 2999 434 3080 Proescript.;
451 2999 536 3072 diam,
552 2997 590 3057 ad
606 2995 826 3075 praescribenda
840 2995 1007 3058 immobilia
1019 3000 1164 3064 Ecclesia.

191 3089 349 3151 necessarii
364 3095 434 3148 sunt
454 3085 653 3165 quadraginta
667 3083 748 3144 anni.
769 3086 812 3144 lta
827 3084 912 3164 plura
932 3087 1008 3164 juris
1021 3091 1164 3153 canonici

192 3177 318 3256 tapitula
332 3183 360 3237 et
374 3175 513 3254 expresse
526 3191 592 3253 cap.
609 3171 731 3243 Illudtl,
749 3172 792 3234 De
804 3175 996 3255 Proesuu'pt,
1013 3175 1065 3236 ubi
1086 3177 1163 3242 dici·
1181 3183 1188 3209 l

192 3271 237 3328 tar
253 3291 260 3326 :
281 3263 380 3326 «lllud
392 3271 492 3324 autem
507 3270 535 3323 te
550 3263 626 3324 scire
640 3261 778 3322 nolumus
790 3269 818 3322 et
832 3269 934 3323 tenere
946 3264 1041 3343 quod,
1054 3267 1163 3330 adicer·

193 3375 208 3412 a
229 3373 280 3416 sus
295 3353 455 3430 Ecclesiam,
466 3353 618 3414 minorem
634 3349 890 3430 prescriptionem
904 3355 997 3432 quam
1011 3357 1052 3416 tu
1068 3373 1163 3420 anno
1190 3359 1197 3384 ⁸

194 3461 298 3505 crum
329 3444 464 3504 Romana
494 3440 628 3504 Ecclesia
659 3457 720 3500 non
756 3438 904 3515 adtrtittit,
933 3440 1002 3502 licet
1032 3445 1161 3524 quidam

230 3592 238 3620 1
255 3585 327 3636 Juxta
346 3585 384 3646 jus
402 3581 472 3632 civile
485 3580 508 3626 in
525 3577 610 3632 Gallia,
624 3575 715 3625 elocari
733 3581 834 3636 possunt
847 3573 933 3622 sedilia
949 3573 973 3623 in
990 3577 1103 3628 ecclesiis
1116 3593 1161 3642 pro

202 3651 279 3715 pretio
293 3650 370 3698 semel
384 3650 474 3696 soluta.
490 3642 547 3691 ttae
566 3643 660 3690 bearet.
673 3637 704 3702 3⁰.
717 3638 841 3686 decembr.
859 3635 925 3694 1809,
941 3645 988 3688 art.
999 3637 1039 3688 118.
1057 3637 1120 3690 Cum
1135 3641 1160 3693 id

203 3727 253 3764 non
267 3711 317 3770 liat,
331 3717 427 3759 autnon
437 3707 514 3754 soleat
527 3702 579 3751 lieri
590 3718 612 3750 m
625 3701 792 3770 praepnlioinrn
806 3713 986 3770 sarcasmorum,
1000 3715 1049 3750 non
1060 3703 1159 3756 riuum

203 3790 256 3828 essa
271 3777 354 3824 contra
371 3767 557 3833 dispositionem
571 3763 671 3815 Consilii
684 3763 828 3810 Eridanum.
