2552 4204
196 281 264 364 r,.”²
459 307 610 354 aruncum
630 305 713 352 runis
731 301 879 349 cononici.

179 429 256 476 rus:
283 413 367 478 unde
391 428 452 473 non
479 409 547 469 licet
568 424 639 469 cum
664 401 927 466 excommunicato
948 391 1156 464 collaborare,

180 503 295 579 sedere,
312 501 369 564 sub
383 499 491 562 eonem
505 501 584 560 tecto
598 495 706 569 viuere,
722 483 870 552 dormire·
864 483 1017 564 ‚intellige
1031 483 1087 568 per
1099 495 1158 540 mo

178 591 253 655 dum
264 589 431 654 societatis:
441 603 512 648 narn
521 583 632 646 cubare
641 583 760 644 tantum
771 579 809 642 ad
821 572 1054 656 quiescendum,
1068 568 1159 631 etium

182 681 212 742 in
225 679 333 742 eodem
346 678 436 750 lecto,
452 672 647 757 probabiliter
660 676 779 734 nonest
792 669 928 730 vetitum.

221 769 337 830 Dicitur
351 771 384 829 5⁰
399 765 525 828 Mensa:
541 780 594 842 per
607 779 699 842 quem
722 757 900 838 intelligitur
917 750 1018 816 omnis
1036 746 1160 810 convic-

182 863 293 936 tusper
308 855 435 916 modum
450 849 621 913 societatis:
638 848 720 911 unde
736 865 797 908 non
819 846 889 906 licet
906 844 1065 928 acceptare
1085 853 1160 898 con-

182 944 293 1007 vivium
307 944 345 1006 ab
366 939 648 1013 excommunicato,
668 955 725 1000 nec
744 935 834 996 vitam
854 945 1052 995 communem
1071 943 1162 1006 agere

183 1051 254 1096 cum
270 1051 317 1108 eo,
334 1031 388 1094 etsi
404 1049 464 1092 non
481 1029 571 1090 iidem
586 1026 645 1090 cibi
658 1027 834 1098 ederentur,
848 1021 891 1083 uti
905 1017 1025 1082 evenire
1038 1013 1138 1076 solet
1130 1033 1160 1076 m

182 1121 388 1196 monasteriis,
411 1117 600 1192 seminariis,
625 1123 697 1186 etc,
721 1113 770 1176 ubi
795 1109 931 1193 quemvis
953 1105 1012 1168 sint
1034 1104 1162 1165 diverse

185 1228 317 1284 mensae,
329 1227 436 1270 omnes
451 1215 551 1268 tamen
573 1210 734 1267 censentur
750 1199 976 1264 communicare
998 1195 1029 1255 iu
1053 1193 1161 1255 eadem

186 1298 284 1358 rt'efec
265 1305 363 1371 tioue3
378 1297 458 1358 idem
474 1302 517 1356 est
532 1291 695 1356 dicendum
710 1289 832 1373 quondo
848 1285 933 1348 multi
952 1288 1023 1346 sunt
1046 1282 1162 1344 invitati

185 1386 223 1448 ab
238 1385 542 1448 excommunicatoet
556 1383 588 1444 in
602 1381 710 1443 eodem
725 1379 866 1441 cubiculo
879 1371 1077 1446 accumbunt,
1094 1371 1162 1432 licet

186 1474 216 1534 in
233 1474 345 1536 mensis
359 1473 503 1535 diversis:
522 1489 608 1534 secus
595 1475 708 1530 essct
729 1466 892 1529 dicendum
913 1463 937 1524 si
963 1479 1078 1522 mensae
1102 1479 1161 1520 non

183 1571 285 1625 essent
299 1563 331 1624 in
345 1563 453 1625 eodem
475 1559 634 1635 cubiculo;
651 1557 696 1619 vel
717 1556 741 1617 si
766 1553 834 1636 quis
855 1553 885 1614 in
906 1549 1011 1612 eadem
1028 1547 1160 1628 ¹quidem

187 1656 292 1715 mensa
316 1651 527 1722 accumberet,
549 1645 602 1710 sed
629 1647 661 1708 in
683 1643 848 1720 diversorio
873 1639 924 1703 ubi
951 1637 1161 1718 uuusquisque

185 1741 285 1803 solium
300 1740 355 1804 sibi
371 1739 557 1816 intenderet,
572 1735 617 1798 vel
632 1734 657 1796 si
672 1752 744 1796 casu
765 1731 824 1796 boc
842 1728 991 1794 accideret
1007 1727 1038 1786 in
1055 1726 1160 1789 itinere

183 1831 347 1892 autaliter.

227 1923 296 1980 850.
321 1919 442 1988 Ouaerit
459 1922 490 1979 2⁰
506 1914 598 1988 Quale
613 1913 649 1974 sit
667 1915 825 1993 peccatum
847 1903 1160 2006 communicatorum

183 2007 451 2079 excommunicato
464 2000 612 2065 vitando?

232 2073 329 2158 llesp‘?
340 2080 498 2140 Peccatum
513 2095 578 2139 esse
592 2082 748 2142 mortale·
739 2127 748 2144 .
764 2084 796 2144 l⁰
809 2081 839 2142 Si
856 2079 1095 2144 cunimunicatlo
1110 2079 1159 2140 liat

193 2170 226 2230 in
241 2167 362 2245 deutrus,
375 2173 404 2230 et
420 2185 482 2228 non
496 2173 618 2229 excuset
629 2169 757 2248 pervim
770 2168 921 2244 meteriae;
937 2173 970 2232 2·
983 2170 1009 2230 si
1021 2185 1158 2230 commu·

189 2258 303 2320 nicetio
321 2256 372 2317 fiat
392 2257 423 2317 in
444 2257 568 2318 crimine
588 2257 757 2335 criminoso,
778 2277 832 2322 seu
851 2253 1011 2320 incudem
1029 2257 1158 2320 crimine

190 2347 237 2408 ael
252 2347 441 2408 contumacib
459 2365 467 2408 τ
483 2365 510 2409 v.
527 2365 570 2426 g.‚
586 2346 610 2407 si
629 2347 696 2426 quis
714 2365 800 2410 suam
815 2347 1017 2410 concubinam
1030 2363 1156 2409 excom·

193 2435 1004 2518 manicatam,iterbmpostexcommcognoscal(C.Si
1018 2434 1155 2508 Conciti..

193 2524 228 2586 de
246 2533 318 2588 rent.
336 2527 430 2604 ecc.);
444 2525 490 2588 vel
505 2526 529 2586 si
544 2525 612 2606 quis
625 2531 691 2605 post
704 2525 1050 2589 excommunicationem
1065 2525 1155 2587 latam

187 2615 223 2676 in
237 2614 380 2692 aliquem,
391 2613 431 2675 ob
444 2613 555 2678 lurtum
568 2620 620 2677 eut
632 2613 713 2678 aliud
726 2616 854 2692 crimen,
869 2614 1017 2696 impendit
1030 2613 1059 2677 ei
1069 2614 1155 2677 ouri-

193 2703 277 2777 lium,
293 2709 344 2765 out
357 2702 520 2766 consilium
536 2722 574 2766 ne
596 2704 743 2777 restituat,
759 2705 806 2767 vel
821 2722 860 2766 ne
881 2711 967 2766 exeat
980 2703 1019 2765 ab
1030 2720 1156 2769 excom·

191 2791 394 2856 municatione
408 2811 418 2856 z
431 2811 468 2854 ex
481 2811 548 2874 cap.
563 2789 679 2875 Nuper,
696 2795 739 2855 De
750 2803 821 2855 scut.
838 2813 979 2856 cocorum.
1078 2827 1081 2834 ·

230 2885 261 2944 3⁰
282 2882 312 2945 Si
332 2882 568 2945 communicatio
586 2877 686 2944 tiat'in
705 2883 857 2958 civilibus,
872 2881 1106 2948 controvertitur
1121 2902 1157 2944 an

191 2979 347 3051 peccatum
362 2973 399 3032 sit
413 2971 450 3033 de
465 2989 497 3032 se
511 2970 635 3031 mortale
651 2989 660 3032 r
678 2971 861 3052 probabilius
874 2977 976 3036 tamen
989 2973 1048 3036 tola
1063 2991 1157 3054 repu-

184 3065 318 3142 talurpet
326 3059 445 3140 probari
461 3077 548 3140 posse
562 3058 721 3122 videturcx
735 3080 802 3143 cap.
814 3062 1052 3136 accumulare,
1068 3080 1156 3124 causo

191 3151 238 3225 ll,
254 3157 285 3229 q‘.
312 3150 351 3224 33
366 3154 395 3209 et
407 3166 473 3228 cop.
490 3149 695 3228 Ecceprrouem
712 3154 767 3226 ta,
784 3151 828 3212 De
846 3160 980 3234 except,
999 3149 1054 3214 ubi
1072 3167 1157 3214 com·

188 3236 509 3316 munioanseiviliter,
525 3238 635 3301 dicitur
649 3239 681 3300 in
699 3241 866 3320 periculum
882 3241 1062 3304 animosae
1077 3258 1158 3302 eom·

182 3325 353 3398 muntem-m
375 3325 409 3388 lit
424 3331 525 3389 tamen
544 3329 625 3390 certe
645 3328 761 3392 veniale
781 3349 818 3392 ex
841 3329 982 3410 parvitate
1006 3327 1160 3404 materiae3

184 3412 240 3474 sed
260 3415 285 3476 si
307 3421 393 3476 octus
416 3417 657 3497 multiplicentur
676 3426 705 3480 et
727 3419 971 3499 conjungentur,
998 3417 1159 3480 materiam

189 3521 309 3582 gravem
329 3505 539 3568 constituunt.
560 3512 704 3570 uteutem
720 3516 899 3570 censeantur
914 3509 1079 3588 coniungi,
1098 3524 1159 3570 non

187 3589 331 3684 suffieit
308 3611 333 3655 si
355 3595 423 3675 quis
437 3592 622 3676 frequenter,
637 3599 727 3659 etiam
742 3615 795 3678 per
811 3597 939 3680 longum
952 3603 1091 3676 tempus,
1109 3613 1159 3657 sa-

185 3681 257 3760 jur
242 3639 315 3746 ,tim
330 3685 534 3747 communicet
553 3702 624 3748 cum
639 3685 912 3762 excommunicato,
927 3684 980 3748 sed
993 3685 1161 3767 requiritur

181 3771 268 3850 uribrl
280 3771 353 3837 ates
366 3773 657 3838 communicationes
669 3776 730 3836 sint
743 3793 888 3851 connexa
903 3792 956 3853 per
968 3775 1159 3856 propositum
