2552 4204
478 289 564 334 clean
586 289 717 335 munus.
826 289 827 294 ¹
1019 263 1075 326 tua
1103 271 1106 278 '

113 407 220 450 arum
245 389 297 470 qui
332 389 439 451 dicunt
466 391 548 472 quod
582 393 737 455 daemones
762 392 875 456 habent
907 400 1094 476 potestatem·

112 500 126 534 a
146 495 241 558 supra
265 496 393 558 corpora
408 485 438 540 et
458 479 705 564 imaginationem
725 483 904 559 hominum,
926 483 1084 565 qnandol

112 590 126 623 a
147 569 213 628 Deo
235 568 451 646 permittuntur
467 587 475 629 t
490 570 572 632 unde
591 589 644 652 per
663 589 716 633 eos
732 571 861 635 malefici
880 572 981 654 aliqua
999 571 1084 654 signa

111 676 126 714 ι
146 653 249 718 lacere
263 664 428 738 possunt.»

146 763 219 823 902.
243 793 280 810 -
304 759 355 824 lll.
379 763 510 826 Effectus
524 767 643 847 magiae,
655 765 694 828 de
708 764 820 848 quibus
835 783 939 846 supra,
954 765 1083 828 obtineri

107 849 206 911 solent
221 854 309 930 paeto
327 851 434 914 saltem
452 853 598 936 implicito
612 874 682 918 cum
698 855 839 918 daemone
853 854 928 915 inito
941 901 949 932 ‚
963 873 1016 916 seu
1030 873 1083 934 per

106 937 243 1018 aliquam
264 939 444 1022 petitionem
462 943 640 1022 implicitam
665 943 703 1006 ad
726 944 898 1006 daemonem
924 943 1080 1005 directam.

107 1027 277 1106 Dupliciter
288 1046 362 1110 ergo
377 1039 499 1110 pactum
515 1031 581 1094 lieri
595 1038 693 1114 potest
712 1051 784 1096 cum
798 1033 957 1107 daemone,
973 1050 1101 1113 nempe

106 1133 278 1197 expressum
291 1120 416 1199 quando
430 1121 498 1202 quis
511 1140 565 1202 per
577 1141 609 1184 se
619 1123 665 1185 vel
678 1123 782 1196 alium,
796 1121 887 1183 verbo
897 1127 949 1184 aut
958 1121 1081 1202 scripto,

107 1203 282 1280 daemonem
300 1209 436 1284 invocat3
455 1211 577 1274 tacitum
592 1212 714 1294 quando
729 1209 798 1293 quis
811 1211 906 1273 ulitur
920 1210 955 1272 iis
973 1228 1081 1290 super-

105 1292 231 1356 stitiosis
255 1296 362 1358 mediis
388 1299 498 1380 quibus
527 1302 606 1382 magi
631 1307 776 1375 utuntur,
798 1300 898 1362 sciens
914 1299 950 1361 iis
975 1299 1082 1360 mediis

108 1383 278 1446 naturalem
294 1386 356 1448 vim
382 1405 444 1449 non
466 1389 565 1452 inesse
588 1393 718 1453 intentos
737 1389 862 1452 ell'ectus
881 1388 1079 1471 producendi.

106 1472 144 1531 Et
157 1470 219 1534 hoc
232 1519 240 1549 ,
254 1474 371 1538 etiamsi
387 1483 567 1557 protestetur
581 1499 613 1542 se
627 1480 707 1541 nolle
720 1487 842 1561 pactum
855 1497 926 1541 cum
942 1477 1082 1541 daemone

107 1558 198 1638 inire,
216 1563 289 1643 quia
308 1563 403 1645 ipsius
416 1573 501 1629 aetus
519 1567 590 1630 huic
606 1568 811 1650 protestationi
827 1568 997 1629 contrarius
1014 1576 1078 1645 est,

106 1655 137 1712 et
149 1649 235 1713 illam
248 1651 370 1716 inanem
384 1655 492 1720 reddit

148 1757 181 1821 Si
196 1763 301 1822 tamen
318 1761 469 1824 dubitaret
482 1764 600 1826 tantum
614 1783 653 1825 an
681 1763 780 1826 uredia
794 1763 934 1826 effectum
954 1770 1080 1844 stupen-

107 1845 181 1910 dum
206 1849 382 1913 naturaliter
403 1851 536 1914 habeant
548 1855 594 1915 vel
620 1852 731 1914 diaboli
746 1871 815 1934 ope,
830 1871 890 1914 non
908 1859 1081 1915 censeretur

106 1932 184 1999 inire
197 1944 335 2018 pactum,
350 1940 440 2026 etiam
453 1941 634 2021 implicitum
645 1959 716 2004 cum
731 1941 881 2018 daemone,
897 1941 921 2002 si
936 1940 985 2002 illa
1000 1940 1082 2002 adhi-

105 2024 190 2088 beret
204 2028 384 2091 curiositatis
398 2030 443 2092 vel
458 2031 580 2094 alterius
593 2032 696 2093 motivl
714 2049 816 2110 causa,
833 2030 924 2093 modd
936 2031 975 2092 ita
985 2031 1081 2114 dispo·

106 2114 179 2177 situs
192 2121 284 2194 esset,
300 2123 333 2180 ut
348 2119 519 2184 nullatenus
530 2139 566 2184 ea
585 2121 749 2196 adhiberet,
764 2122 787 2182 si
803 2121 894 2203 sciret
910 2121 1080 2184 daemonem

107 2205 289 2269 intervenire
304 2226 313 2270 a
328 2205 348 2270 d
361 2206 488 2288 fortiori,
499 2210 579 2274 idem
594 2219 672 2274 essct
694 2211 856 2274 dicendum
871 2212 894 2272 si
910 2212 979 2292 quis
992 2211 1080 2273 adhi-

106 2293 189 2358 beret
202 2295 303 2359 media
318 2299 446 2379 magica,
461 2301 584 2383 penitus
601 2302 746 2384 ignorans
761 2303 830 2363 talia
842 2321 919 2365 esse.

143 2403 297 2467 Caeterlnn
333 2413 413 2486 patet
445 2409 654 2488 gravissimum
681 2427 746 2472 esso
772 2417 931 2489 peecatum
958 2414 1081 2490 pactum

104 2508 282 2576 expressum
295 2494 537 2561 oumdaemonet
552 2499 635 2579 quod
648 2499 772 2580 quidem
787 2498 825 2558 nd
841 2497 974 2577 speciem
989 2498 1081 2560 idolo

106 2582 200 2644 latriae
215 2584 356 2664 pertinet,
371 2586 443 2647 einn
459 2605 513 2668 per
533 2589 592 2649 tale
605 2594 726 2668 pactum
753 2605 807 2649 seu
822 2587 996 2667 petitionem
1011 2587 1080 2668 qui·

105 2671 175 2732 dam
191 2673 293 2735 cultus
308 2673 410 2738 lutrioe
428 2675 560 2738 daemoni
582 2676 770 2738 exhibeatur.
787 2676 853 2738 lmd
867 2694 921 2757 per
935 2674 992 2738 hoc
1007 2676 1081 2738 fides

106 2762 211 2841 negari
226 2768 337 2842 posset,
349 2763 374 2825 si
389 2781 501 2846 nempe
528 2764 701 2828 crederetur
726 2764 808 2828 hunc
831 2765 946 2827 cultum
960 2765 1081 2827 diabolo

104 2848 222 2927 deberi,
235 2850 282 2913 vel
295 2849 450 2916 diabolum
461 2872 548 2935 posse
562 2871 598 2916 ea
609 2854 741 2935 legitime
753 2853 880 2934 operari.

119 2975 122 2984 ·
145 2955 267 3036 Magia,
283 2976 353 3039 quae
367 2957 401 3021 lit
425 2977 480 3043 per
501 2965 623 3041 pactum
636 2959 832 3041 implicitum,
849 2965 895 3022 est
908 2959 999 3021 etiam
1014 2977 1081 3040 gra·

105 3044 264 3108 vissimum
277 3055 437 3128 peccatum
453 3068 460 3109 :
477 3049 529 3111 sed
545 3049 681 3112 excusari
696 3051 714 3111 a
728 3049 846 3110 mortali
861 3047 987 3130 quidam
1001 3065 1081 3110 asse·

107 3144 180 3198 runt
200 3153 250 3215 ap.
271 3137 304 3200 S.
331 3136 454 3218 Liguor.
469 3137 642 3201 «Videlicet
669 3146 743 3201 tunc
765 3141 836 3201 clun
861 3138 907 3198 vel
926 3137 1083 3200 intercedit

110 3223 325 3305 «simplicitas
351 3233 381 3288 et
408 3227 578 3308 ignorantia
606 3246 668 3290 non
691 3247 802 3304 crassa,
826 3244 925 3307 neque
948 3225 1081 3290 affectata

112 3335 126 3371 ι
147 3313 231 3394 (lieet
243 3313 412 3398 culpabilis)
428 3335 436 3377 :
450 3316 495 3377 vel
507 3316 581 3378 lrdcs
594 3324 675 3379 certa
691 3335 751 3377 non
762 3316 931 3390 adhibetur,
946 3316 998 3378 sed
1012 3324 1081 3378 tan·

110 3426 125 3458 a
146 3403 213 3464 tlrm
226 3402 316 3464 timor
327 3403 464 3486 quidam,
479 3412 530 3466 aut
545 3407 677 3488 suspicio
696 3406 865 3486 concipitur
891 3407 1016 3468 eventus
1038 3405 1083 3469 su-

111 3513 126 3547 «
147 3493 246 3555 turi...
262 3493 300 3555 ed
314 3493 396 3575 qudd
408 3501 480 3556 tunc
489 3495 659 3576 superstitio
667 3496 735 3557 vere
743 3513 805 3557 uon
813 3496 862 3572 sit,
871 3493 942 3558 eum
955 3495 1082 3558 intentio

113 3602 127 3638 a
148 3597 211 3642 non
227 3581 265 3644 sit
275 3582 353 3645 talis.
368 3603 384 3643 ι

152 3709 168 3748 e
188 3688 244 3761 Qui
257 3687 296 3750 de
310 3689 429 3752 lorlunt
456 3690 659 3753 consulunt...
675 3689 699 3751 sl
710 3689 763 3752 siat
777 3687 847 3753 cum
863 3690 950 3752 firma
964 3689 1023 3751 lide
1033 3688 1080 3752 vel

113 3801 127 3834 ι
147 3778 555 3857 seandalo‚etc.‚mortaliter
566 3779 944 3861 (peccant):siverdcausa
958 3776 1081 3842 curiosi·
