2552 4204
502 365 588 412 crana
608 369 740 414 rennos.
1047 367 1106 422 'll't

175 468 248 532 848.
266 501 304 518 -
316 469 394 534 vtlt.
411 474 479 536 Non
491 476 630 538 toleratus
644 478 776 558 privatur
789 483 990 547 ecclesiastica
1004 485 1108 566 sepul·
1188 508 1193 520 ‘

137 559 226 634 turt3
242 567 271 620 et
292 560 315 620 si
341 563 477 643 sepultus
501 565 590 627 luerit
611 567 642 627 in
664 567 731 630 loco
746 588 831 634 sacro
849 573 896 634 vel
922 573 1104 654 benedicto,

134 643 295 708 exhumari
310 649 410 724 debet,
425 651 449 713 si
462 652 554 732 ipsius
569 673 635 718 ossa
651 657 766 736 possint
780 658 910 723 discerni
927 663 1047 724 :necin
1068 681 1109 727 eo

135 731 322 799 locodivina
343 749 469 818 possunt
483 744 585 824 peragi
601 753 670 806 ante
692 746 787 826 ipsius
811 751 1100 816 reconciliationem.

133 821 166 886 Si
181 825 255 888 vero
269 831 548 894 excommunicatus
562 833 688 898 decessit
709 854 780 898 cum
795 837 888 918 siguis
904 841 1101 920 pernitentiis,

133 933 198 976 non
220 922 265 975 est
279 915 499 994 exhumandus,
516 920 567 982 sed
582 923 791 1000 absolvendus,
808 927 998 990 absolutione
1012 931 1106 1009 petite

132 1022 188 1084 per
202 1003 366 1068 haeredem.
388 1003 599 1073 Coemeterium
614 1021 714 1075 temen
731 1015 880 1095 pollutum
895 1017 949 1081 suit
961 1023 991 1078 et
1014 1018 1108 1081 debet

132 1093 335 1157 reconciliari.

172 1180 309 1242 Graviter
334 1192 459 1263 peccant
481 1190 660 1253 comitantes
682 1193 838 1256 vitandum
857 1196 895 1258 ad
914 1197 1105 1280 sepulturam

130 1276 162 1332 et
184 1269 287 1333 clerici
311 1279 472 1352 canentes;
500 1277 588 1340 illum
613 1289 714 1342 autem
739 1283 921 1364 sepelientes
943 1287 1102 1348 incurrunt

130 1360 480 1425 excommunicationem
489 1367 1099 1458 majorem(Clementin.l,De.vepultur.).

130 1449 372 1512 controvertitur
389 1469 428 1514 an
450 1473 504 1536 per
526 1459 696 1538 sepelientes
717 1461 846 1542 intelligi
862 1462 992 1526 debeant
1006 1463 1026 1526 ii
1047 1463 1101 1544 qui

129 1544 300 1618 procurant
315 1540 445 1621 sepeliri.
463 1544 564 1606 [lehis
576 1549 688 1610 attente
706 1556 751 1612 est
765 1550 891 1625 legenda
902 1551 934 1614 G.
950 1555 1010 1622 Ap.
1028 1550 1098 1613 Sed.

168 1623 239 1684 849.
255 1654 294 1667 -
311 1623 362 1684 ΙΧ.
383 1623 672 1686 Excommunicatus
690 1629 825 1706 privatur
843 1631 926 1690 omni
949 1631 1007 1693 alid
1028 1633 1114 1694 civil‘v

127 1708 407 1772 communicatione
435 1709 596 1786 fidelium,
623 1712 664 1772 ita
689 1721 721 1774 ut
745 1713 808 1794 ipse
835 1733 896 1777 non
922 1719 1015 1797 possit
1037 1737 1108 1780 oum

126 1797 216 1874 aliis,
232 1804 284 1870 et,
304 1797 329 1858 si
352 1816 414 1860 non
435 1799 473 1860 sit
492 1800 656 1874 toleratus,
676 1801 767 1862 etiam
791 1803 839 1863 alii
863 1821 935 1866 cum
958 1803 1024 1886 ipso
1045 1824 1113 1868 non

126 1886 249 1968 possint
262 1889 490 1949 communicare
500 1907 510 1962 3
526 1886 618 1968 idque
639 1889 671 1950 in
693 1889 812 1951 casibus
830 1889 889 1952 hoc
909 1910 997 1954 versu
1019 1910 1113 1956 com--

125 1974 289 2056 prehensis
303 1995 312 2038 ε

318 2101 359 2164 Os,
373 2102 528 2163 craterolo,
543 2103 696 2166 communio,
710 2119 794 2154 mensa
810 2111 923 2170 negatur.

167 2214 211 2274 lta
222 2229 261 2274 ex
274 2229 342 2293 cap.
357 2213 641 2274 Eoeeommuuv'eotue
659 2217 706 2287 tt,
721 2231 811 2276 causa
829 2219 879 2290 lt,
895 2235 926 2296 q.
943 2220 973 2278 3.

167 2301 259 2362 Dicit.
280 2305 312 2362 l⁰
331 2301 369 2364 Oa
390 2319 397 2360 :
418 2319 472 2381 per
492 2301 574 2382 quod
597 2291 936 2383 intelligitur'osculum
960 2313 992 2366 et
1014 2325 1114 2368 omne·

126 2389 335 2471 colloquium,
360 2389 451 2450 etiam
475 2389 640 2469 privatum,
662 2393 724 2452 tem
748 2410 802 2471 per
823 2392 914 2454 verba
936 2395 1029 2473 quem
1053 2413 1114 2475 per·

126 2486 237 2555 nutus,
254 2478 376 2554 litteras,
392 2479 632 2553 internuntiurn3
649 2480 724 2540 item
738 2481 865 2559 quodvis
879 2481 1001 2560 signum
1013 2481 1105 2544 bene·

126 2567 282 2638 volentiae,
299 2567 403 2628 missio
416 2566 462 2628 vel
476 2566 642 2647 acceptatio
655 2585 832 2643 munerum,
848 2576 906 2630 eto.
929 2569 985 2640 Oui
1004 2576 1104 2630 tamen

125 2657 429 2720 excommunicatum
455 2654 574 2732 iniuriis
597 2656 746 2733 alliceret,
761 2656 807 2718 vel
826 2657 852 2717 ei
871 2656 984 2720 diceret
1004 2678 1010 2718 :
1028 2658 1115 2720 Deve

127 2753 156 2808 te
180 2744 355 2822 illuminet,
375 2751 543 2820 convertat,
558 2749 633 2822 etc,
649 2745 765 2807 nullam
783 2763 945 2808 censuram
966 2746 1103 2810 incurre-

125 2841 185 2897 ret.

166 2923 257 2985 Dicit.
273 2926 307 2984 2⁰
322 2921 432 2999 Orare,
447 2922 538 2985 idest
554 2919 655 2984 omnis
668 2920 905 2984 communicatio
923 2920 955 2982 in
975 2921 1101 2996 divinis,

125 3020 265 3092 utsupra
279 3009 334 3072 fuit
348 3015 532 3091 expositum.

166 3109 256 3171 llicit.
268 3111 302 3170 3·
323 3107 392 3170 Vale
401 3108 498 3189 :quod
511 3107 742 3191 comprehendit
755 3125 879 3170 omnem
893 3108 1111 3171 salutationem

124 3198 234 3260 saltem
249 3197 459 3270 honorificam,
473 3198 576 3272 verbo,
592 3200 691 3278 signo,
710 3199 862 3278 amplexu,
879 3205 936 3259 etc.

132 3327 135 3333 Δ
165 3296 328 3357 Dubitetur
341 3303 443 3357 tamen
463 3313 502 3357 an
520 3296 607 3357 liceat
620 3297 762 3358 exhibere
775 3295 1101 3360 excommunicatum·

124 3403 187 3468 gna
200 3384 390 3460 urbanitatis,
400 3403 429 3447 v.
440 3403 483 3464 g„
494 3384 690 3464 assurgendo,
704 3383 804 3444 dando
818 3383 1112 3466 locumapericndo

124 3481 236 3555 caput,
251 3475 318 3534 stne
332 3473 394 3535 ullt
406 3475 600 3553 expressione
621 3473 794 3549 verborum,
815 3470 929 3552 dequo
950 3473 1017 3535 vide
1030 3472 1100 3535 Mu-

123 3563 227 3638 meote,
243 3570 277 3624 n·
291 3565 382 3624 6545.

166 3659 285 3722 licitur
297 3663 329 3720 4⁰
347 3659 538 3723 Communio:
555 3661 616 3740 qut
628 3675 701 3720 voce
713 3657 980 3739 comprehenditur
1000 3659 1113 3721 omnis·

123 3756 317 3824 contractus,
333 3749 385 3829 qui
399 3755 518 3824 tamen,
535 3749 560 3809 si
579 3747 650 3823 frat,
671 3748 862 3823 ostroldus,
885 3744 942 3805 nisi
961 3749 1113 3825 ageretur·
1204 3749 1207 3754 '

123 3841 163 3905 de
177 3844 361 3904 testamento
373 3837 517 3913 usurarii;
530 3837 603 3899 item
612 3836 804 3910 cohabitatio,
810 3832 994 3913 cooperatio,
1008 3831 1114 3896 socio«

1003 3935 1031 3980 7*
