2552 4204
471 340 559 386 cisun
579 339 711 386 TERTIUS.
1022 335 1082 395 685

145 444 283 504 Censura
305 445 349 500 est
372 438 503 500 ferendae
526 440 696 515 sententiae,
712 440 816 502 saltem
840 447 875 504 ut
894 441 1084 522 plurimum:

109 535 136 592 1·
151 531 181 594 Si
199 530 292 591 verua
310 525 468 590 sintiuturi
484 529 645 608 temporis,
661 547 688 588 v.
705 549 749 607 g..
767 533 1085 608 excommunicabitur,

74 671 77 676 .
108 618 325 700 suspendetur:
346 621 379 678 2⁰
400 616 424 676 si
445 615 562 678 dicatur
583 618 849 680 excommunicetur
874 621 1086 702 suspendatur,

108 708 242 770 volomus
254 705 504 768 excommunicari
520 725 527 766 :
543 705 595 766 sed
608 706 643 766 ad
660 705 718 768 hoo
730 707 896 787 requiritur
909 715 942 770 ut
954 729 1089 796 praecepa

107 815 171 860 ,um
196 794 501 867 excommunicandi,
528 794 754 875 suspendendi,
779 795 863 857 alteri
888 796 1088 876 imponatur.

107 904 179 948 nam
206 885 230 946 si
255 883 392 945 absolute
419 881 509 944 modo
535 882 712 963 imperativo
741 883 912 966 proferatur
936 905 1087 956 censura.

105 973 315 1038 communiter
328 971 455 1033 habetur
469 979 611 1050 tanquam
627 971 694 1034 lutae
708 972 881 1049 sententiae;
905 977 937 1036 3·
955 976 979 1036 si
1002 978 1090 1042 verba

107 1063 167 1124 sint
182 1061 362 1137 minatoria,
385 1079 414 1122 v.
441 1079 484 1138 g„
504 1058 557 1120 sub
573 1060 662 1141 pund
684 1062 1015 1134 excommunicationis,
1040 1067 1091 1128 sud
1173 1061 1177 1067 ’

108 1149 356 1213 interminatione
368 1146 580 1217 anathematis,
596 1156 667 1226 etc„
684 1148 741 1210 nisi
760 1157 862 1212 tamen
882 1171 920 1214 ex
942 1154 1091 1232 adjunctis

109 1238 194 1302 aliud
210 1237 380 1317 colligatur.

148 1332 183 1389 d·
204 1328 348 1388 Censura
361 1325 536 1388 dividuntur
553 1325 651 1387 adhuc
672 1324 702 1386 in
720 1325 818 1408 justos
839 1333 869 1390 et
887 1329 1014 1409 injustos
1036 1351 1091 1396 seu
1182 1391 1184 1394 .

110 1415 243 1478 illicitos
261 1436 274 1484 ‚⁰
295 1415 326 1476 in
351 1414 468 1476 ualidos
489 1422 519 1476 et
541 1415 709 1484 inualidus,
739 1435 807 1497 quae
829 1416 1092 1484 denominationes

108 1505 184 1568 satis
208 1502 444 1583 intelliguntur3
470 1503 504 1564 in
527 1513 687 1565 reservatos
709 1513 736 1564 et
757 1523 815 1565 uon
835 1519 1013 1577 uenenatas,
1037 1527 1091 1573 seu

108 1610 244 1676 querum
256 1591 404 1654 absolutio
423 1597 571 1656 reservata
588 1599 634 1654 est
651 1591 806 1673 Superiori
826 1593 872 1654 vel
892 1614 954 1656 non
974 1604 1020 1657 est
1039 1616 1091 1661 re-

109 1691 239 1746 servata.

150 1775 184 1833 5·
206 1769 386 1832 dividuntur
406 1770 439 1831 in
460 1787 604 1832 censuras
620 1768 784 1848 adtempus
798 1766 1045 1842 determinatum,
1062 1781 1092 1837 et

111 1859 143 1920 in
154 1875 301 1921 censuras
314 1858 353 1920 od
366 1868 478 1940 tempus
491 1857 761 1918 indeterminatum.
786 1855 863 1918 Noto
886 1865 986 1919 tamen
1009 1860 1092 1941 qudd

109 1965 250 2010 censurae
273 1945 312 2008 ad
332 1953 453 2028 tempus
473 1945 708 2007 determinatum
723 1963 783 2005 non
797 1945 857 2006 sint
869 1963 1007 2010 censurae
1021 1967 1091 2028 pro-

110 2037 178 2117 prie
194 2035 283 2098 dictae
309 2053 317 2096 τ
341 2053 448 2097 omnes
469 2035 552 2096 enim
570 2052 708 2096 censurae
723 2035 845 2116 proprie
859 2034 947 2098 dicta
963 2055 971 2098 ε
988 2039 1092 2119 upote

112 2123 325 2192 medicinales,
341 2123 450 2186 durare
464 2122 577 2184 debent
592 2141 690 2202 usque
708 2123 748 2184 ad
767 2123 809 2185 rei
824 2125 1090 2205 emendationem,

82 2275 88 2292 ,
113 2213 243 2294 proinde
257 2219 329 2274 sunt
344 2212 514 2274 necessarid
527 2211 564 2272 ad
579 2219 699 2292 tempus
714 2212 1002 2278 indeterminatum:
1018 2233 1091 2277 cen·

110 2320 192 2364 surae
216 2302 287 2364 verd
307 2321 376 2384 quae
399 2300 537 2363 seruntur
557 2299 595 2360 ad
619 2307 739 2382 tempus
761 2300 1019 2381 determinatum,
1044 2304 1091 2366 vel

110 2409 181 2476 quae
197 2390 312 2452 suntin
328 2394 524 2472 perpetuum,
539 2394 609 2449 sunt
623 2407 721 2468 poenae
731 2388 916 2452 vindicatisae
929 2409 981 2452 seu
1000 2410 1091 2454 merae

112 2498 230 2559 poenae,
251 2497 312 2539 non
336 2479 406 2540 verd
429 2494 527 2558 poenae
548 2476 751 2539 medicinales.
768 2478 916 2538 Caeterum
934 2497 1092 2559 nunquam

110 2565 389 2631 excommunicatio
403 2565 497 2628 fertur
517 2563 555 2625 ad
577 2571 697 2644 tempus
717 2564 972 2642 determinatum,
994 2567 1041 2627 vel
1059 2567 1091 2629 in

110 2663 295 2738 perpetuum
316 2675 324 2716 ι
344 2655 397 2716 sed
422 2654 494 2717 solae
517 2670 731 2734 suspensiones
744 2653 791 2716 vel
806 2653 965 2717 interdicte
978 2655 1022 2718 sio
1035 2654 1091 2719 ali·

110 2745 240 2828 quando
254 2743 402 2806 teruntur.

564 2900 582 2980 s
604 2901 638 2961 u.

375 3036 403 3096 Α
416 3053 474 3116 quo
488 3051 616 3096 censure
628 3032 707 3114 ferri
714 3032 840 3115 possint.

153 3198 227 3260 816.
249 3194 304 3255 Est
323 3191 405 3256 certe
429 3190 459 3250 in
482 3189 617 3252 Ecclesia
642 3193 773 3268 potestas
797 3205 941 3250 censuras
965 3193 995 3250 et
1020 3187 1091 3251 alias

114 3302 223 3369 peenas
236 3280 369 3357 serendi,
383 3286 413 3342 et
426 3278 484 3340 hoc
497 3285 542 3340 est
556 3278 594 3339 de
607 3277 676 3339 fide.

155 3376 191 3436 ln
204 3371 388 3450 quibusnam
402 3375 504 3430 autem
518 3365 648 3428 resident
659 3365 723 3426 haec
732 3362 1091 3430 facultas‘t-Diceudum

113 3471 161 3526 est
188 3459 270 3541 quod
290 3477 352 3520 non
372 3456 501 3518 resideat
523 3453 580 3516 nisi
607 3454 692 3515 iniis
719 3452 771 3532 qui
791 3451 1032 3532 jurisdictionem
1061 3457 1091 3518 in

115 3551 186 3632 soro
204 3559 344 3616 entenic.
371 3545 432 3607 sive
454 3543 637 3606 ordinariam
661 3540 722 3602 sive
746 3539 914 3624 delegatam
941 3544 1093 3625 possident

75 3643 81 3656 '
115 3643 196 3722 (cap.
214 3637 290 3700 Cum
307 3634 346 3698 ab
363 3632 568 3698 Ecclesimum
582 3635 616 3707 3,
632 3629 676 3692 De
690 3627 792 3711 officio
799 3628 918 3710 judicis
933 3632 1050 3710 ordin.;
1064 3640 1092 3695 et

115 3747 184 3809 cap.
199 3726 374 3794 Praeterea,
389 3721 435 3786 De
448 3720 552 3804 officio
558 3718 674 3802 judicis
685 3718 834 3799 desecati).

155 3812 347 3880 Ordinariam
361 3811 430 3873 vend
443 3812 619 3888 potestatem
630 3806 740 3868 liabent
749 3811 779 3868 t·
796 3809 873 3887 Papa
884 3812 913 3868 et
924 3808 1090 3871 Concilium
