2552 4204
195 240 253 302 loti
466 255 618 300 accurunt
637 253 720 299 rums
740 253 887 299 canorum.

199 378 214 413 a
234 354 302 416 tatis
317 354 361 416 vel
376 355 464 430 risus,
481 361 515 418 ut
528 355 562 416 tit
575 353 790 430 communiter,
804 348 960 412 venialiter
975 353 1134 418 tantum...
1150 376 1165 412 s

196 443 411 506 Busembaum.

234 531 277 592 Ex
303 531 350 594 his
367 535 527 613 sequitur:
542 537 573 596 t·
599 532 686 594 Certo
700 529 831 612 peccari
846 527 935 590 etiam
964 527 1166 592 mortaliter
1146 549 1167 591 si

195 619 326 682 scienter
347 622 446 683 media
462 623 668 704 superstitiosa
683 620 761 682 serio
782 617 991 688 adhibeantur,
1007 617 1091 697 quia,
1107 636 1167 681 non

194 706 332 770 obstante
364 712 598 791 protestatione
629 711 714 772 adest
736 715 858 790 pactum
891 704 1073 808 implicitum
1098 726 1168 769 cum

193 793 349 871 daemone;
364 803 396 859 2⁰
410 817 433 859 sr
427 799 528 860 dicta
548 799 646 860 media
661 797 859 860 adhibeantur
874 814 909 856 ex
922 795 992 872 joco
1006 793 1053 855 vel
1068 795 1167 857 curio·

194 883 278 946 sitate
299 886 513 950 adridendum
530 887 602 968 quid
620 885 746 962 accidat,
759 885 852 966 aliqui
867 882 998 962 theologi
1014 883 1166 946 existima·

193 980 264 1035 runt
275 994 340 1037 esse
354 978 473 1038 tantiam
488 977 614 1051 veniale,
630 977 682 1038 sed
693 976 778 1036 aliter
792 973 925 1035 sentiunt
937 971 985 1032 alii
1001 973 1081 1033 inter
1091 991 1169 1054 quos

192 1064 289 1144 lllayol
304 1068 356 1140 ;3ο
372 1065 402 1126 in
417 1065 509 1128 dubio
521 1084 559 1126 an
575 1064 675 1126 media
702 1069 839 1144 suspecta
862 1080 933 1123 suos
946 1059 1072 1122 eliectus
1097 1079 1166 1142 prc-

192 1150 306 1213 ducant
318 1153 492 1215 naturaliter
507 1154 553 1216 vel
567 1172 624 1234 cpe
638 1152 797 1225 daemonis,
810 1149 835 1212 si
850 1149 1050 1212 adhibeantur
1062 1149 1167 1230 hujus·

192 1239 274 1301 modi
291 1241 390 1302 media
405 1260 443 1303 ex
459 1241 586 1304 honesta
599 1249 627 1303 et
638 1241 718 1322 gravi
731 1241 822 1302 causa
836 1257 906 1301 cum
921 1238 1031 1318 praevit
1041 1246 1165 1319 protes-

191 1327 315 1406 tatione,
330 1349 392 1392 non
419 1330 622 1392 videturesse
647 1329 755 1410 culpa,
780 1327 834 1389 elsi
862 1325 996 1388 futurum
1011 1327 1049 1388 sit
1063 1334 1165 1389 contra

192 1416 390 1480 intentionem
405 1419 487 1499 quod
509 1419 632 1482 allectus
645 1419 722 1481 lone
734 1416 938 1500 producantur
951 1414 1103 1477 daemonis
1120 1415 1163 1477 in·

191 1512 328 1569 terrentu
344 1506 435 1588 :quia
462 1509 504 1570 sic
520 1526 613 1590 agens
633 1508 727 1570 utitur
736 1506 805 1586 jure
821 1523 877 1566 suo
890 1502 1052 1566 adhibendi
1068 1504 1165 1566 media

191 1594 285 1670 utilia,
310 1596 433 1676 quando
447 1597 474 1658 ei
490 1616 551 1658 non
573 1603 687 1658 constat
714 1595 763 1657 illa
786 1593 904 1674 operari
926 1592 1076 1654 daemonis
1090 1612 1161 1675 ope,

190 1700 278 1745 secus
296 1684 471 1756 dicendum,
486 1686 510 1746 si
523 1685 696 1764 hujusmodi
712 1684 810 1744 media
821 1680 1036 1743 adhiberentur
1050 1680 1164 1763 absque

190 1775 282 1835 causa
296 1773 422 1837 honestt
441 1784 470 1837 et
483 1776 576 1856 gravi,
592 1776 637 1837 vel
653 1774 678 1836 si
692 1772 969 1854 probabilissimum
983 1779 1062 1834 esset
1077 1772 1165 1835 inter·

190 1863 290 1926 venire
316 1864 507 1940 daemonem3
528 1871 561 1926 l⁰
585 1866 635 1946 qui
652 1861 826 1943 huJusmcdi
857 1860 954 1923 media
968 1859 1115 1923 adhibent
1128 1880 1162 1924 ex

189 1950 361 2032 ignorantia
383 1956 493 2029 crassa,
517 1972 578 2014 non
592 1951 659 2014 ideo
682 1953 835 2013 immunes
849 1950 952 2028 sunto
970 1949 1061 2031 culpa
1075 1951 1163 2013 etiam

188 2041 282 2120 gravi,
295 2043 460 2122 praesertim
471 2043 495 2103 si
508 2043 571 2120 jam
587 2040 696 2103 luerint
721 2040 838 2102 moniti.

136 2163 138 2168 .
226 2133 293 2192 903.
315 2131 435 2202 Quaerit.
454 2135 484 2192 l⁰
497 2131 574 2203 Ouid
594 2129 784 2194 sentiendum
800 2128 836 2190 sit
854 2127 892 2190 de
904 2128 988 2209 virga
1003 2128 1160 2208 bifurcatt,
1262 2179 1263 2207 Ι

187 2220 247 2299 qua
261 2217 359 2280 sontes
369 2225 398 2280 et
407 2237 456 2281 res
471 2219 635 2301 deperditae
649 2220 696 2282 vel
710 2218 867 2281 occultatae
881 2217 1104 2284 inveniuntur?

226 2308 316 2388 Resp.
333 2310 367 2368 ln
382 2307 534 2388 duplicem
548 2311 675 2370 classem
690 2326 778 2388 posse
805 2306 898 2368 dividi
921 2306 1048 2370 effectus
1072 2311 1162 2392 virgae

186 2393 340 2457 bifurcata
353 2416 360 2458 :
372 2397 422 2458 alii
435 2398 517 2459 enim
531 2407 600 2459 sunt
619 2397 781 2478 dequibus
795 2395 924 2458 dubitari
940 2403 1037 2476 potest
1051 2416 1091 2460 an
1103 2401 1161 2462 sint

185 2485 336 2547 naturales
348 2506 357 2562 3
372 2487 421 2548 alii
434 2487 507 2549 vero
521 2505 597 2568 quos
611 2487 694 2549 certo
707 2492 824 2547 constat
852 2503 995 2565 superare
1005 2486 1085 2550 vires
1101 2489 1160 2553 ha-

184 2589 307 2636 manas:
320 2576 631 2657 priorisgenerissunt
640 2573 1160 2658 motushuiusmodivirgae,quando

183 2663 236 2742 qui
263 2663 344 2725 illam
368 2665 492 2727 adhibet
513 2673 568 2727 stat
595 2684 686 2746 supra
705 2663 832 2737 iontem,
849 2664 893 2725 rel
907 2682 1000 2746 supra
1013 2669 1158 2730 metalla:

183 2750 285 2830 plures
302 2755 384 2815 enim
400 2753 594 2817 inveniuntur
614 2773 749 2836 personae
764 2772 832 2832 quae
848 2752 878 2813 in
893 2752 975 2814 dicto
995 2772 1068 2817 casu
1084 2758 1158 2840 phy⁴

182 2839 243 2902 sice
257 2850 490 2907 commoventur
494 2865 577 2946 ,quae
589 2842 715 2926 proinde
725 2841 801 2903 forte
813 2849 935 2922 possent
948 2842 1031 2906 hune
1043 2855 1158 2908 motum

182 2927 308 2992 dictae'
283 2951 374 3011 virgae
389 2936 627 2996 communicare.
645 2932 731 2997 Unde
744 2931 844 3012 quoad
868 2930 966 2992 lantes
984 2940 1013 2992 et
1027 2935 1155 3007 metalla,
1148 2939 1178 3060 ,p

181 3035 244 3080 non
264 3020 342 3084 bene
355 3041 475 3102 semper
489 3031 605 3084 constat
619 3042 658 3084 an
673 3022 797 3082 effectus
809 3039 869 3082 non
889 3021 925 3082 sit
940 3024 1096 3086 naturalis.
1159 3026 1178 3118 Ι

221 3109 352 3171 Secundi
369 3118 470 3171 autem
499 3111 618 3191 generis
644 3119 744 3173 essent
771 3119 871 3172 motus
884 3111 977 3190 virgae
992 3113 1097 3191 quoad
1112 3105 1169 3175 res.

180 3194 369 3277 deperditas,
386 3198 467 3261 furto
489 3210 605 3281 ereptas
620 3207 650 3262 et
674 3201 869 3262 occultatas:
892 3199 1051 3261 manifeste
1061 3202 1165 3324 euimp

179 3293 279 3346 motus
293 3287 344 3365 qui
366 3305 426 3349 non
453 3293 635 3368 contingunt
647 3288 727 3350 circa
748 3287 871 3368 aliquod
885 3305 996 3367 corpus
1010 3289 1070 3351 nisi
1085 3309 1153 3371 quta

178 3379 223 3434 ast
250 3374 440 3455 deperditum
469 3379 514 3439 vel
537 3381 738 3450 occultatum,
762 3395 885 3438 causam
906 3375 1065 3458 physicum
1095 3397 1151 3440 non

177 3457 310 3539 habent,
326 3465 378 3526 sed
400 3467 438 3526 ab
461 3467 562 3548 aliquo
577 3475 684 3548 agente
703 3466 819 3527 occulte
834 3465 1022 3546 procedunt
1038 3469 1109 3548 qui,
1124 3467 1152 3528 in

177 3567 261 3627 casu,
276 3553 353 3615 alius
367 3559 497 3654 supponi
515 3557 617 3638 nequit
634 3556 689 3616 nisi
710 3555 865 3616 diabolus:
883 3560 935 3614 nat
923 3555 1060 3616 turaliter
1072 3555 1150 3618 enim

177 3636 262 3719 virga
277 3660 338 3703 non
353 3646 450 3723 magis
460 3653 556 3725 potest
571 3645 682 3707 moveri
699 3645 778 3706 circa
794 3643 924 3723 lapidem
939 3662 995 3720 pro
1008 3643 1150 3706 limitibus

180 3730 376 3794 constitutum
402 3735 495 3814 quim
522 3753 612 3816 super
639 3733 732 3795 alium
758 3733 898 3813 lapidem.
927 3735 960 3793 ln
992 3730 1050 3795 hoc
1081 3751 1149 3815 ergo
