2552 4204
471 301 559 364 uuna
579 297 713 355 rasura·
1023 280 1076 351 lit
1185 265 1187 270 ⁸

109 419 115 440 ⁴
142 399 234 458 Extra
246 394 435 477 supradictos
455 417 559 475 casus,
578 399 671 480 aliqui
690 407 848 463 autumant
869 403 1081 464 communica·

100 487 220 548 tionem
247 505 318 548 cum
347 486 517 560 haereticis,
544 497 746 551 concurrente
769 491 942 570 gravissima
969 494 1079 567 carisa,

102 575 218 638 licitam
237 593 322 653 esse,
338 577 430 638 etiam
443 577 474 636 in
489 577 715 648 rebusdivints,
730 579 893 660 suppositis
902 589 1002 640 tanrrn
1019 580 1083 658 qui-

100 665 233 726 busdam
254 665 504 728 conditionibus:
524 666 640 728 «Haud
663 666 807 746 equidem
832 667 1025 746 ignoramus,
1041 671 1083 729 ait

102 776 118 812 a
140 753 259 816 Bened.
276 755 339 815 xlv
356 753 411 830 (De
424 753 515 836 Syn„
529 755 580 818 lib.
595 759 625 829 6,
641 773 669 818 c.
682 757 727 835 5),
740 775 801 817 non
811 757 915 818 deesse
926 757 1081 836 theologos

95 865 119 926 Ι(ι
139 841 180 904 ab
194 841 280 903 omni
295 843 384 924 culpa
398 843 587 905 absolventes
600 843 765 906 catholicos
779 845 831 925 qui
846 863 918 907 cum
933 843 1081 906 haereticis

103 953 118 990 a
139 936 171 993 et
189 931 405 1007 schismaticis,
421 932 629 996 nominatione
645 953 706 994 non
721 934 920 1008 denuntiatis,
938 953 1081 996 commu·

104 1020 248 1082 anicant
270 1022 302 1082 in
326 1021 451 1098 divinis,
477 1031 566 1103 atque
589 1023 680 1084 etiam
703 1030 890 1085 sacramenta
914 1023 953 1085 ah
974 1023 1080 1084 iisdem

102 1133 118 1169 a
139 1110 313 1192 recipiunt,
328 1111 495 1173 dummodo
519 1111 566 1174 hae
580 1112 669 1174 simul
684 1119 866 1176 concurrant
880 1112 1079 1174 circumstan-

103 1221 118 1255 τ
139 1198 216 1262 tiae:
236 1203 267 1261 l⁰
282 1207 351 1263 ut...
378 1201 478 1281 adigat
494 1203 668 1282 gravissima
684 1210 713 1265 et
735 1201 948 1282 urgentissima
966 1219 1077 1277 causa3

104 1290 174 1350 r2⁰
198 1294 233 1350 ut
253 1289 387 1352 haeretici
411 1298 463 1352 aut
480 1291 680 1364 schismatici.
711 1293 728 1354 h
754 1293 866 1372 quihus
891 1297 1080 1354 sacramenta

104 1401 118 1432 a
140 1387 326 1456 exposcunt,
349 1379 408 1440 sint
422 1380 519 1442 valide
541 1379 688 1457 ordinati,
713 1387 743 1442 et
765 1399 848 1442 sacra
869 1381 1082 1442 administrent

103 1488 119 1522 a
140 1465 205 1526 ritu
221 1467 385 1546 catholico,
402 1468 517 1550 absque
541 1469 603 1531 ulla
625 1470 811 1531 admixtione
825 1471 901 1532 riths
924 1470 1077 1542 damnati;

90 1577 120 1611 «α
142 1558 178 1616 3⁰
189 1564 222 1617 ut
237 1558 475 1620 communicatio
486 1577 557 1620 cum
577 1558 690 1620 eisdem
705 1559 737 1619 in
750 1559 877 1630 divinis,
895 1577 955 1619 non
970 1559 1009 1619 sit
1022 1577 1078 1618 ex-

105 1650 230 1706 oterna
254 1649 428 1726 protestatio
451 1647 517 1710 falsi
540 1647 707 1726 dogmatis3
735 1653 769 1709 4⁰
796 1648 922 1708 demum
948 1654 980 1708 ut
1004 1646 1078 1707 nullr

103 1754 120 1789 a
141 1733 322 1796 scandalum
336 1737 462 1816 ingerat.
476 1737 625 1798 Verum...
640 1735 782 1816 praedicta
791 1735 1000 1814 theologorum
1013 1751 1079 1794 scn-

104 1843 121 1879 u
141 1823 238 1883 tentia
253 1841 323 1885 suos
338 1824 426 1886 hahet
440 1824 640 1896 adversarios
656 1843 754 1904 neque
767 1824 806 1886 ah
819 1823 962 1885 omnihus
973 1822 1080 1884 admit·

104 1939 120 1974 u
143 1916 217 1976 titur
232 1923 376 1994 tanquam
390 1917 422 1974 in
436 1913 521 1993 praxi
535 1932 656 1986 secura;
671 1913 763 1988 dein,
780 1916 816 1976 et
830 1914 920 1974 etiam
936 1911 1078 1990 admissa,

105 2028 122 2064 ι
144 2006 219 2068 clun
231 2020 337 2064 ournes
352 2011 537 2064 enumeratae
547 2003 780 2066 circumstantia
791 2002 881 2064 simul
895 2008 924 2063 et
935 2002 1079 2080 conjunc·

104 2118 120 2153 a
141 2093 200 2156 tim
220 2092 324 2153 adesse
348 2091 496 2168 debeant,
516 2100 549 2154 ut
571 2092 786 2156 catholicorum
801 2111 873 2155 cum
887 2091 1078 2154 heterodoxis

104 2205 121 2242 u
141 2183 176 2243 in
191 2180 282 2242 rebus
297 2181 389 2243 sacris
402 2181 529 2242 societas
552 2183 636 2243 omni
658 2189 742 2244 vacet
754 2183 859 2264 culptt;
881 2181 994 2244 idcirco
1014 2181 1077 2244 lert

104 2294 119 2330 u
141 2269 332 2350 impossibile
346 2276 391 2330 est
402 2270 580 2346 usuvenire,
597 2280 628 2332 ut
643 2273 659 2332 i
678 2271 792 2352 flagitio
806 2272 942 2334 excusari
960 2272 1077 2334 valeant

101 2383 117 2416 a
140 2357 282 2420 catholici
297 2376 361 2419 sese
375 2357 406 2418 in
422 2357 512 2420 rebus
527 2361 619 2422 sacris
633 2379 704 2422 curn
718 2361 867 2424 haereticis
877 2361 922 2422 vel
934 2361 1078 2422 schisma·

103 2447 210 2508 «licis
237 2445 481 2507 admiscentes.»
509 2480 548 2495 -
575 2450 747 2530 Aliquando
771 2457 873 2510 tanmn
901 2448 932 2509 id
958 2455 1078 2510 vacaret

98 2534 207 2614 culpa,
225 2541 258 2593 ut
266 2541 382 2595 constat
395 2553 431 2596 ex
441 2536 540 2598 verbis
552 2537 595 2598 Pii
607 2540 646 2598 Vl
655 2555 745 2618 supra
755 2538 866 2599 relatis.
877 2535 927 2619 (V.
939 2535 1078 2600 hlanuale

100 2622 143 2684 u¹⁸
155 2625 258 2696 6128,
271 2619 346 2704 etc.)

543 2744 562 2825 a
581 2747 630 2807 ru.

473 2863 519 2928 De
538 2864 710 2930 Schiamute.

139 2994 212 3055 873.
236 2989 372 3052 Schisma
397 3011 526 3073 qroecum
556 3012 661 3053 nomeu
683 3003 744 3070 est,
770 2993 811 3056 ait
833 3013 901 3078 cap.
924 2995 1099 3074 Schismu,‘

94 3098 192 3143 causa
207 3083 264 3150 24,
280 3099 310 3160 q.
330 3081 358 3156 l,
374 3079 453 3161 quod
474 3083 629 3144 scissuram
642 3083 810 3164 significum
827 3093 856 3146 et
870 3085 972 3148 locum
986 3086 1076 3152 habet

97 3167 226 3250 quando
239 3167 348 3250 aliquis
362 3187 427 3230 sese
441 3177 558 3251 separat
572 3171 739 3233 voluntarie
754 3172 792 3234 ab
806 3173 920 3234 unitate
934 3175 1075 3241 Ecclesiae

95 3255 267 3318 catholicae.
284 3256 339 3316 Vix
354 3262 456 3319 tamen
472 3258 603 3320 schisma
621 3261 687 3321 sine
710 3261 812 3342 aliqua
828 3261 935 3323 haeresi
949 3263 1072 3329 existit:

97 3351 164 3407 tum
179 3345 252 3424 quia
267 3343 449 3408 schismatici
464 3347 549 3410 tacite
567 3348 624 3410 sibi
638 3349 820 3431 persuadent
835 3356 919 3413 extra
933 3354 1073 3419 Ecclesia

96 3433 246 3498 unitatem
261 3434 389 3495 salutem
404 3435 532 3496 inveniri
546 3455 653 3516 posse,
668 3439 863 3517 quddaperta
874 3439 996 3504 haeresis
1010 3452 1071 3520 est;

95 3527 160 3584 tum
175 3522 249 3602 quia
264 3520 327 3584 lere
339 3539 477 3602 semper,
490 3535 611 3607 propter
620 3527 748 3605 alicujus
757 3526 827 3590 fidei
837 3530 968 3592 veritatis
981 3551 1071 3613 nega-

94 3609 232 3684 tionem,
247 3627 315 3671 sese
328 3609 367 3672 ah
381 3613 513 3675 Ecclesia
532 3621 701 3694 segregant.

132 3697 327 3762 schismatici
343 3707 414 3761 sunt
429 3701 619 3782 potissimum
645 3703 687 3764 illi
708 3705 761 3785 qui
784 3723 850 3769 sese
872 3713 1011 3787 separant
1033 3709 1073 3769 ah

92 3788 232 3849 lirclesit
244 3790 383 3849 acuum
397 3789 478 3851 seui
496 3791 622 3852 Summo
637 3791 803 3870 Pontilice‚
818 3796 890 3856 cum
908 3817 924 3854 a
942 3795 1073 3858 adhunc
