2574 4198
468 292 555 358 niara
577 292 735 358 secturus
1027 283 1085 355 sir

104 409 173 474 ru'm
196 391 447 472 administratio:
468 407 526 468 hoc
549 406 631 484 enim
653 405 721 481 jure
745 394 976 464 administrandi
1000 397 1084 480 potiti

103 502 190 564 tuere
207 499 327 580 ipsimet
350 496 500 576 Apostoli,
524 493 624 574 quoad
640 493 779 554 collectas
796 491 899 578 atalia
921 491 1001 551 bona
1016 507 1085 569 quae

103 591 275 651 initlorum
297 603 406 647 manus
429 586 445 644 a
469 583 609 643 tidelibus
623 580 835 654 mittebantur3
853 597 911 641 nec
925 579 1018 639 laicos
1032 579 1084 640 sed

102 685 223 759 septem
235 676 380 738 diaconos
394 672 614 732 constituerunt
628 669 776 753 qui-curae
788 667 966 728 earumdem
982 683 1084 727 rerum

102 774 259 848 rectaeque
279 760 529 832 administrationi
554 762 724 839 praeessent.
751 759 829 834 (Act.
854 759 930 836 Ap,
952 773 980 816 c.
1005 757 1039 828 6;
1056 761 1084 815 et

105 857 118 918 l
135 857 222 932 Coe,
238 873 266 916 c.
284 855 332 928 lb,
349 869 376 913 v.
396 848 468 928 t-t.)

142 945 235 1006 Initio
250 960 322 1005 cura
336 946 366 1002 et
385 935 601 1000 administratio
615 934 755 995 omnium
767 931 910 994 Ecclesiae
932 929 1083 990 bonorum

104 1034 201 1116 penes
215 1031 401 1112 Episcopum
416 1031 478 1088 erat
498 1045 504 1084 :
522 1025 564 1085 sic
579 1023 661 1084 enim
676 1021 785 1100 legitur
800 1021 830 1080 in
846 1037 913 1081 can.
931 1021 967 1079 at
988 1019 1084 1096 dpcs

102 1123 239 1186 telorum
256 1121 273 1180 a
290 1117 429 1180 Gratiano
444 1113 547 1188 relato,
569 1129 596 1173 c.
619 1114 668 1184 la,
685 1105 720 1190 qss
738 1113 752 1168 t
773 1128 779 1168 :
805 1130 821 1167 a
841 1106 1036 1187 Praecipimus
1050 1111 1084 1166 ut

107 1233 122 1270 r
143 1212 176 1273 in
193 1213 339 1290 potestate
353 1206 408 1265 sua
421 1201 588 1283 Episcopus
602 1197 744 1259 Ecclesia
758 1215 806 1258 res
821 1197 928 1257 habeat
941 1197 985 1256 :si
1000 1195 1081 1256 enim

103 1321 122 1358 <r
142 1299 256 1362 animae
278 1294 438 1356 hominum
461 1289 653 1371 pretiosiores
672 1287 712 1346 illi
739 1293 810 1348 sunt
830 1285 969 1358 creditae,
987 1283 1082 1345 multd

103 1412 122 1449 u
143 1389 244 1468 magis
255 1388 374 1466 oportet
389 1397 459 1441 euin
473 1396 577 1440 curam
589 1375 788 1456 pecuniarum
801 1391 921 1454 gerere,
933 1374 972 1434 ita
986 1378 1020 1434 ut
1033 1391 1079 1452 po

103 1499 122 1538 r
141 1483 251 1540 testate
264 1475 330 1551 ejus
352 1465 556 1549 indigentibus
578 1464 680 1524 omnia
694 1461 908 1542 dispensentur
923 1481 977 1543 per
1002 1479 1079 1541 pres·

102 1587 123 1625 a
142 1566 266 1647 hyteros
280 1567 310 1624 et
323 1559 467 1621 diaconos
484 1577 515 1618 a.
536 1552 611 1613 Vide
625 1553 715 1612 etiam
730 1569 797 1613 can.
819 1554 856 1612 25
879 1551 993 1612 Concil.
1017 1552 1079 1610 An·

99 1654 211 1728 tioch,
228 1651 300 1713 anni
315 1651 373 1711 373
389 1645 473 1726 (Gap.
489 1641 665 1724 Episcopus,
684 1641 733 1710 23,
755 1657 845 1700 eausa
868 1641 921 1712 la,
941 1658 972 1718 q.
989 1636 1031 1717 l),
1049 1638 1078 1697 in

101 1741 263 1816 Munuuli,
280 1747 313 1798 n⁰
330 1740 420 1798 5304.
894 1803 896 1812 ,
948 1765 951 1770 -

142 1833 187 1895 Ne
201 1835 304 1892 autem
327 1821 467 1906 Episcopi
482 1815 702 1882 administratio
716 1814 781 1875 sine
803 1813 929 1874 testibus
943 1818 1032 1887 esset,
1050 1819 1080 1874 et

100 1922 214 2002 pariter
227 1903 312 1981 utin
333 1913 434 1992 aliqua
457 1923 599 1970 curarum
614 1910 697 1984 parte
719 1903 883 1977 levaretur,
908 1919 1000 1975 mox,
1023 1919 1079 1982 pro

97 2011 190 2072 dictis
202 2006 291 2069 bonis
304 1997 561 2066 administrandis,
576 1992 730 2055 constituti
745 1989 830 2052 fuere
846 1989 1008 2066 oeconomi,
1024 1990 1077 2071 qui

100 2107 205 2162 tamen
230 2091 386 2175 Episcopis
403 2089 466 2150 suis
487 2085 634 2146 rationem
653 2079 799 2143 reddituri
823 2085 931 2140 erant:
953 2077 1077 2160 deipsis

100 2188 236 2270 loquitur
250 2179 365 2244 Concil.
382 2173 576 2239 Chalcedon..
597 2187 678 2231 anno
692 2171 764 2244 rat,
785 2168 816 2228 in
831 2186 949 2228 canone
963 2171 1005 2231 26
1021 2168 1076 2230 :ln
1112 2233 1116 2246 ,

97 2293 220 2340 mnone
234 2279 334 2334 autem
353 2270 387 2329 ll
405 2262 529 2326 Consilii
545 2259 658 2321 Nicaeni
675 2261 700 2318 ll
711 2257 800 2318 datur
815 2255 1012 2338 Metropolitis
1026 2264 1078 2319 aut
1095 2271 1098 2276 ·

102 2361 281 2444 Patriarchis
290 2356 415 2419 facultas
425 2354 520 2414 dictos
529 2364 705 2410 oeconomos
716 2343 921 2406 constituendi
933 2345 963 2405 in
977 2346 1075 2408 Eccle-

96 2455 152 2517 siis
174 2470 237 2514 suae
256 2445 437 2516 Provinciae,
453 2439 548 2502 sicubi
563 2438 594 2498 in
618 2435 677 2496 hoc
702 2435 866 2514 Episcopos
890 2433 1075 2514 negligentes

101 2541 295 2606 invenissent.
326 2533 466 2596 Solebant
488 2533 589 2589 autem
612 2523 821 2584 archidiaconi
841 2522 873 2582 iu
899 2538 1075 2584 <economus

96 2633 136 2695 eli
161 2632 182 2693 i.
727 2627 729 2630 ’

137 2651 225 2784 {nus
248 2721 310 2778 erat
325 2712 458 2793 primum
483 2707 634 2768 bonorum
648 2701 790 2764 cumulus
815 2700 896 2762 unde
915 2700 1066 2768 alebantu

99 2806 253 2890 Episcopi,
269 2802 369 2866 clerici
387 2807 416 2862 et
433 2811 581 2880 pauperes
601 2791 736 2852 ecclesiae
759 2789 880 2861 addicti,
897 2807 934 2849 en
949 2808 1010 2868 quo
1025 2809 1071 2870 pa·

98 2899 169 2960 riter
191 2892 427 2957 detrahebantur
445 2887 591 2966 impensae
614 2896 690 2958 quas
714 2894 769 2956 pro
787 2876 923 2936 ecclesiae
945 2876 1071 2954 fabrica,

95 2992 219 3061 ornatu,
247 2977 435 3062 supellectili,
464 2969 641 3048 caterisque
662 2965 752 3026 rebus
777 2962 875 3024 facere
900 2963 1070 3043 oportebat;

99 3081 202 3158 posttea
215 3069 289 3135 verb
301 3069 400 3131 visum
415 3071 458 3127 est
472 3063 552 3122 bona
564 3054 765 3120 ecclesiastica
781 3052 812 3114 in
831 3058 960 3132 quatuor
973 3059 1072 3131 partes
1152 3071 1155 3074 ·

97 3164 242 3238 dividere,
258 3165 292 3222 ut
306 3157 476 3220 memorant
497 3145 670 3228 Simplicius
688 3146 782 3222 Papa,
799 3142 893 3220 Epist.
909 3143 939 3212 3,
955 3139 993 3200 ad
1009 3140 1073 3201 Flo·

97 3261 189 3328 rent,
206 3248 343 3312 Gelasius
360 3246 450 3325 Papa,
466 3237 599 3319 Epistola
612 3239 631 3296 9
645 3233 683 3294 ad
706 3232 803 3311 Epise.
826 3229 978 3307 Lucaniae,
998 3235 1068 3308 etc,

93 3349 124 3406 et
138 3359 196 3405 sua
210 3338 371 3419 Episcopo,
384 3351 439 3395 sua
453 3326 580 3402 clericis,
595 3341 648 3384 sua
661 3322 732 3383 item
745 3318 941 3400 pauperibus,
955 3337 1010 3380 sua
1023 3318 1072 3382 de·

94 3433 189 3514 nique
203 3425 339 3491 e'cclesiae
353 3423 473 3485 fabricae
489 3435 556 3498 pars
571 3411 711 3475 attributa
721 3413 766 3470 est
783 3427 789 3467 :
807 3408 839 3468 in
850 3407 906 3469 hac
920 3407 1071 3470 bonorum

93 3519 257 3603 partitione
284 3513 356 3575 certi
382 3525 505 3592 quoque
530 3501 663 3565 redditus
691 3495 912 3578 parochialibus
937 3497 1071 3558 eeclesiis

94 3605 236 3687 adscripti
251 3603 346 3665 lubre.
364 3601 414 3661 Sic
427 3599 517 3660 etiam
532 3591 622 3654 habet
634 3605 700 3666 cap.
717 3586 781 3646 Mos
795 3593 836 3646 est
849 3588 899 3661 30,
916 3603 1007 3647 causa
1020 3589 1067 3658 lt,

95 3717 125 3779 q.
141 3701 173 3772 ἓ,
188 3713 226 3756 ex
239 3695 271 3754 S.
285 3693 373 3770 Greg.
390 3688 426 3750 ad
437 3687 564 3764 August.
580 3678 794 3753 desumptum:
812 3696 827 3730 n
841 3675 905 3733 Mos
919 3681 964 3732 est
981 3676 1070 3750 Apos-

100 3784 232 3846 rtclicae
246 3778 333 3840 Sedis
347 3775 503 3856 Episcopis
518 3771 704 3846 praeceptum
726 3761 854 3831 tradere,
877 3768 909 3822 ut
927 3761 965 3820 de
984 3759 1068 3842 omni
