2604 4196
461 343 548 388 amsn
569 337 726 388 mannans.
1022 331 1075 390 tut

99 466 119 504 ι
139 445 195 506 bili
209 443 386 524 huiusmodi
401 442 514 524 flagitio
528 461 560 504 se
577 442 792 523 inquinaverit,
807 444 852 506 vel
876 463 931 526 per
950 443 1079 524 seipsam

101 554 118 592 ι
138 533 323 597 innocentes
334 531 534 596 confessarios
545 531 639 612 impid
653 531 882 612 calumniando,
896 533 942 596 vel
956 533 1079 596 scelestd

100 644 118 682 ι
138 622 337 704 procurando
357 629 392 684 ut
404 620 436 683 id
449 621 488 682 ab
506 621 573 683 aliis
590 620 662 696 liat,
678 623 903 704 aquarumque
927 623 1080 686 sacerdote

101 733 117 768 <r
138 712 248 793 quovis
264 710 441 794 privilegio,
456 710 630 772 auctoritate
641 715 672 772 et
684 709 830 790 dignitate
846 710 982 787 munito,
1001 729 1077 793 praa·

101 823 115 856 r
136 806 281 882 terquam
295 803 313 863 a
327 799 431 876 Nobis,
443 799 620 880 Nostrlsque
635 797 885 875 Successoribus‚
903 799 959 860 nisi
972 799 1003 860 in
1018 800 1078 862 dna

101 911 117 948 a
137 890 207 952 vitre
222 895 254 952 et
272 895 399 972 excepto
417 889 523 950 mortis
541 887 685 960 articulo,
711 906 765 969 spe
784 887 980 950 absolutionis
1002 887 1077 949 obti-

101 979 269 1058 anendae,
291 995 383 1060 quam
405 977 498 1039 Nobis
521 981 551 1038 et
575 977 844 1039 suecessoribus...
868 993 1077 1052 reservamus,

101 1088 117 1126 a
139 1068 291 1149 perpetuo
302 1073 444 1130 carecto

137 1167 173 1226 ln
183 1166 285 1228 edicto
299 1171 401 1228 autem
415 1162 568 1226 Generalis
582 1163 785 1244 inquisitionis
805 1167 843 1226 to
864 1163 963 1224 martii
987 1167 1074 1241 1677,

95 1255 270 1335 imponitur
281 1252 556 1316 excommunicatio
570 1252 636 1314 latae
651 1253 806 1314 sententiae
824 1253 856 1312 in
876 1271 938 1313 non
956 1251 1074 1314 denun-

97 1343 223 1419 tiantes,
240 1343 320 1405 intra
338 1360 488 1419 mensem,
506 1359 614 1402 omnes
628 1341 665 1402 de
679 1340 787 1401 haeresi
806 1347 978 1421 suspectos,
998 1341 1076 1404 inter

94 1450 176 1513 quos
189 1436 410 1516 enumerantur
420 1429 594 1494 confessarii
610 1429 804 1491 sollicitantes
816 1428 854 1490 ad
864 1429 973 1509 turpia.

130 1519 202 1580 681.
227 1516 382 1594 Quaurvis,
407 1536 443 1581 ex
465 1518 564 1582 edicto
587 1523 710 1602 praelato
730 1521 761 1581 S.
788 1518 899 1595 Congr.
925 1510 1063 1592 lnquisit.

91 1607 371 1669 excommunicatio
385 1626 446 1669 non
461 1609 500 1670 sit
514 1609 649 1672 absolute
670 1611 831 1678 reservata,
855 1604 894 1666 ab
908 1605 944 1665 et
963 1609 1064 1662 tamen

92 1695 276 1772 poenitentes
290 1714 351 1757 non
362 1702 491 1778 possunt
504 1697 629 1772 absolvi,
644 1697 703 1759 nisi
719 1696 802 1776 pribs
816 1692 894 1754 taeta
909 1688 1067 1752 denuntia·

91 1782 186 1859 tione,
201 1785 307 1846 saltem
324 1786 447 1866 quando
454 1786 569 1866 justam
583 1805 645 1848 non
656 1786 767 1846 habent
780 1797 902 1844 causam
915 1777 999 1839 illam
1008 1774 1063 1836 dil·

91 1871 219 1935 lerendi.
242 1874 286 1935 Dc
297 1873 377 1936 dicta
392 1892 545 1937 excomm.
559 1873 596 1937 V.
614 1875 647 1936 C.
665 1875 769 1954 Apost.
786 1867 881 1931 Sedis.
946 1878 950 1886 '

130 1960 165 2022 ln
176 1961 309 2024 Bullaln
321 1963 456 2045 peuerell
467 1962 712 2045 Conprepotiooe,
724 1960 791 2022 haec
803 1959 928 2038 insuper
940 1951 1065 2016 sancivit

93 2048 205 2114 Bened.
223 2051 289 2112 XIV
311 2069 320 2115 t
351 2054 419 2114 ulo
439 2054 613 2133 posterum,
635 2051 805 2114 sacerdotes
824 2048 886 2107 tant
907 2043 1064 2106 saeculares

95 2161 110 2195 a
129 2141 225 2220 quam
239 2140 393 2220 regulares
409 2141 631 2223 cujuscumque
646 2139 789 2203 Ordinis..
800 2142 812 2213 ,“
824 2135 872 2198 vel
886 2135 917 2196 in
933 2141 1001 2195 artu
1016 2149 1064 2194 sa·

94 2250 108 2283 a
129 2230 325 2291 crementalis
338 2231 542 2292 consessionis
554 2281 560 2307 ‚
574 2233 639 2292 sive
653 2231 732 2292 illius
745 2227 903 2289 occasione
918 2229 968 2283 aut
984 2238 1063 2301 prae-

94 2341 107 2371 r
127 2325 226 2396 textu,
237 2316 276 2378 ad
286 2319 601 2401 turpiasollicitantes‚
612 2319 657 2380 vel
669 2316 817 2380 sacrificio
832 2313 932 2374 missae
943 2310 1065 2372 abuten-

92 2431 105 2460 u
130 2413 175 2469 tes
190 2407 228 2468 ad
239 2407 404 2490 sortilegia,
418 2415 527 2490 praeter
540 2427 645 2489 poenas
659 2407 867 2486 aiore-etc...
878 2410 982 2462 contra
995 2417 1062 2462 eos·

95 2521 108 2552 o
129 2495 201 2558 dem
217 2497 359 2572 indictas,
375 2505 552 2580 perpetuam
572 2497 661 2558 etiam
675 2492 894 2556 inhabilitatem
909 2489 1065 2549 incurrant

95 2609 109 2643 a
130 2584 167 2646 ad
181 2585 298 2666 praefati
317 2586 454 2648 sacrificii
470 2586 758 2669 celebrationem.)

128 2675 215 2737 Circa
227 2675 426 2756 praelaudatas
437 2675 674 2738 constitutiones
684 2674 747 2734 duo
759 2677 828 2734 sunt
842 2664 1059 2747 expendenda:

129 2765 199 2827 685.
224 2764 347 2836 Ouaerit.
363 2769 395 2826 t⁰
410 2764 539 2836 Quinam
556 2763 749 2824 sollicitantes
763 2762 824 2822 sint
840 2753 1063 2818 denuntiandi?

128 2857 160 2915 t·
181 2853 422 2915 controvertitur
437 2871 474 2914 an
490 2855 528 2914 sit
538 2851 764 2914 denuntiandus
778 2846 980 2909 confessarius
994 2862 1062 2904 con·

92 2942 224 3005 sentiens
233 2942 353 3004 mulieri
365 2941 542 3005 sollicitanti
559 2942 589 3001 in
601 2938 790 3002 confessione
804 2955 811 2998 :
824 2932 917 3008 unde,
928 2951 959 2992 re
970 2931 1060 2992 dubia

93 3038 237 3106 exstante,
246 3031 330 3109 juxta
343 3034 374 3093 S.
384 3032 505 3111 Liguor.
522 3029 619 3107 (thid,
629 3041 662 3090 u0
673 3025 915 3108 680)‚poenitens
926 3021 1061 3102 obligan-

91 3119 142 3182 tlus
154 3139 217 3182 non
233 3119 329 3181 estad
346 3119 589 3182 denuntiandum
602 3143 610 3196 3
623 3118 687 3192 sed,
700 3117 799 3198 inquit
811 3115 844 3176 P.
859 3113 942 3192 dury
955 3109 1060 3191 (Casus

92 3211 282 3284 eonscientiae,
292 3216 314 3269 t.
330 3213 406 3286 2‚n⁰
420 3209 505 3290 653),
518 3209 640 3270 «obstat
654 3207 768 3269 decisio
777 3207 807 3266 S.
821 3201 876 3266 Off.
894 3205 967 3280 «(11
982 3199 1057 3262 febr.

95 3320 108 3358 r
128 3300 218 3379 1661)
236 3299 436 3378 interpretans
453 3296 555 3360 Const.
573 3296 707 3376 Gregorii
720 3294 789 3363 XV,
803 3302 833 3353 et
848 3290 1059 3354 contlrrnatad

95 3410 109 3444 r
125 3387 238 3451 Bened.
254 3389 331 3464 XlV,
348 3405 417 3468 quae
432 3387 532 3448 statuit
543 3384 715 3465 hujusmodi
727 3381 913 3445 sacerdotem
925 3398 989 3441 esse
1001 3378 1059 3440 de-

96 3497 109 3534 ι
126 3476 339 3542 nuntiandum.
360 3500 371 3532 ι
391 3476 464 3538 ltem
479 3476 577 3538 obstat
591 3474 681 3536 lustr.
695 3475 726 3536 S.
740 3472 807 3553 loq.
823 3470 948 3533 tdlebr.
967 3471 1056 3530 1861.

124 3569 192 3631 686.
205 3570 239 3628 2³
249 3568 339 3628 Juxta
349 3565 633 3628 cotnmunrssivnam
644 3573 675 3625 et
690 3560 922 3642 probabiliorem
936 3565 1055 3618 senten-

91 3657 155 3720 tiam
174 3653 404 3720 denuntiandus
418 3663 461 3716 est
476 3655 593 3716 tantbm
608 3651 810 3714 confessarius
825 3650 876 3728 qui
901 3647 937 3708 ad
962 3645 1060 3723 turpia

91 3745 233 3818 sollicitat.
255 3759 320 3810 non
336 3741 409 3808 verb
427 3743 451 3808 si
465 3745 502 3805 ad
522 3743 581 3806 atta
594 3741 731 3806 mulctrat
747 3747 868 3816 peecata
886 3755 894 3796 .·
911 3735 972 3795 hoe
985 3729 1057 3806 oui-
