2590 4208
378 253 396 294 ,ς
465 228 551 276 unm
570 222 695 276 rnnuus
1032 212 1071 294 llll

98 357 113 396 s
139 337 185 398 les
211 342 306 414 quets
320 335 374 415 qui
390 353 429 398 en
445 335 634 418 dependent.
652 335 720 399 Elle
735 335 847 400 admit
860 335 899 402 de
913 335 1077 418 lesplaoer-

97 447 113 483 n
138 421 489 506 etlesddplaoer‚deles
503 424 1070 494 transfererd’uodtablissementdun

98 535 114 572 o
140 520 231 576 autre
246 533 255 591 ;
271 511 311 576 de
326 513 488 576 surveiller
502 514 532 577 le
546 513 663 592 regime
677 509 830 577 interieur'
840 515 879 576 de
893 513 1068 578 l'adminis·

101 623 114 659 o
141 602 270 666 tration.
294 603 369 665 Mais
383 603 507 684 chaque
520 601 753 666 etablissement
766 605 837 676 n’en
853 603 1001 666 domeure
1019 623 1073 683 pas

99 711 115 724 r
140 691 246 754 moins
259 693 388 767 soumis,
403 692 482 755 dans
496 692 542 756 les
555 693 667 756 choses
682 691 1073 774 spiriruelles,e1·ureque

101 778 311 844 „diocesem
338 783 422 845 Cette
446 781 707 846 reconnaissanoe
729 782 769 845 de
797 781 954 846 l’autorite
981 781 1073 862 spiri·

101 891 115 927 n
143 867 240 932 tuelle
254 869 308 932 des
323 868 578 934 Ordinairesdoit
593 871 732 953 tonjours
743 873 809 934 etro
822 870 981 952 exprimes
993 869 1074 932 dans

102 982 117 1018 r>
143 959 189 1020 les
208 968 330 1023 statute.
352 982 368 1020 s
390 996 429 1006 -
444 961 514 1024 Haeo
530 960 640 1024 ultima
656 968 760 1024 tamen
778 959 975 1022 adversantur
997 976 1075 1022 tuo·

103 1048 222 1114 toritati
248 1048 336 1114 Sedis
364 1049 558 1132 Apostolioae,
592 1050 641 1112 oui
669 1050 720 1128 jus
745 1059 896 1130 oompetn
918 1047 1075 1111 eripiendi

104 1139 282 1222 regulares,
298 1139 322 1202 si
337 1139 412 1200 utile
425 1137 558 1217 judicet,
585 1137 625 1200 ab
647 1136 802 1204 Ordinarii
821 1135 1040 1219 Jurrsdurione
1067 1168 1075 1200 a

106 1240 137 1294 et
150 1229 257 1312 quoad
272 1229 332 1292 hoo
344 1226 548 1310 approbanda
564 1245 628 1290 non
645 1240 724 1292 sunt.

303 1534 346 1600 De
365 1535 508 1617 regimme
529 1534 713 1616 regularium
734 1532 774 1595 od
794 1535 883 1601 iutro.

346 1923 351 1931 ⁴
505 1857 653 1910 ruuonuu
671 1857 689 1908 r.

229 1985 261 2027 D!
276 1982 412 2026 nertstert
428 1981 475 2027 out
492 1979 681 2020 accumulato
697 1979 771 2019 lllTllA
787 1977 967 2020 annuntium.

156 2114 246 2176 loll.
269 2105 412 2187 Tripliois
427 2102 539 2186 speciei
554 2120 621 2166 esse
634 2109 735 2184 potest
750 2101 948 2184 superiorum
964 2101 1084 2182 religio·

117 2219 225 2266 sorum
237 2205 373 2282 potestas
386 2193 418 2255 in
434 2191 596 2270 subditos3
610 2190 676 2255 voti
692 2210 805 2274 nempe
819 2191 926 2270 solius,
940 2193 1087 2274 J'urisdio-
1106 2243 1108 2249 ,

119 2290 211 2355 tionis
226 2285 353 2369 proprie
373 2281 484 2357 diotae,
505 2288 536 2344 et
558 2279 838 2344 administrationis
860 2300 915 2344 seu
939 2281 1089 2363 simplicis

119 2377 293 2460 regiminis,
1032 2381 1033 2385 ’

161 2471 194 2532 l⁰
209 2465 279 2532 Voti
292 2463 393 2526 solius.
409 2457 448 2524 vi
462 2463 552 2544 eujus
579 2460 828 2524 independenter
843 2478 860 2522 a
877 2467 1030 2540 potestate
1041 2463 1090 2540 ju·

120 2557 322 2629 risdiotionis,
338 2571 393 2616 seu
407 2554 557 2626 clavium,
572 2563 605 2612 et
619 2565 736 2630 apsque
751 2548 936 2611 anctoritate
948 2549 1090 2612 domina·

101 2643 104 2649 ’
123 2649 219 2713 tionis
236 2642 378 2726 superior
392 2642 548 2722 imperare
571 2646 692 2719 potest,
714 2636 794 2700 sieut
808 2638 973 2718 poenitenti
989 2640 1091 2721 impe-

123 2746 208 2804 raret
222 2731 431 2798 confessarius
446 2729 471 2791 si
486 2727 544 2810 ipsi
557 2723 937 2809 poenitensobedientiam
947 2728 1092 2791 vovisset.

125 2827 186 2894 Sed
201 2836 277 2888 tune
291 2840 355 2884 non
377 2839 413 2883 ex
428 2818 546 2901 justitia
561 2814 739 2880 obedientia
763 2814 914 2895 debetur,
939 2817 992 2878 sed
1014 2817 1097 2882 duo·

127 2925 215 2982 taxat
229 2933 267 2976 ex
282 2912 393 2975 virtute
407 2907 575 2988 religionis.

168 3011 201 3071 2⁰
223 2999 448 3067 Jum'edictiom‘s
467 2996 588 3080 proprie
610 2996 722 3070 dictu,
744 3013 807 3076 qua
831 2994 1034 3076 intelligenda
1054 3007 1101 3060 est

130 3099 267 3181 potestas
279 3088 450 3173 spiritualis
465 3087 504 3148 ad
518 3085 623 3148 claves
634 3084 773 3148 ecelesiae
788 3085 959 3166 pertinens,
970 3085 1102 3168 proinde

131 3183 297 3256 aChristo‚
308 3177 467 3241 mediante
486 3192 545 3238 suo
559 3173 682 3239 Vioario
692 3171 824 3238 Summo
839 3174 999 3250 Pontifices,
1016 3173 1100 3244 data,

132 3275 177 3340 lta
191 3275 316 3336 suarez.

172 3342 204 3427 3⁰
225 3356 470 3425 Domiootiom's:
488 3374 558 3438 quae
568 3360 715 3437 potestas,
731 3354 835 3435 inquit
847 3353 943 3432 idem,
957 3354 1103 3420 radicali-

134 3465 181 3518 ter
195 3449 318 3514 derivat
333 3466 350 3509 a
367 3445 582 3528 profitentium
596 3441 757 3506 voluntate
772 3461 805 3504 se
820 3443 962 3521 religioni
981 3444 1103 3510 donan-

135 3543 214 3605 tium
237 3556 310 3600 oum
335 3535 528 3616 obligatione
550 3530 765 3616 superioribus
785 3533 960 3598 secundum
981 3536 1105 3618 regulas

135 3624 316 3700 obediendi.

147 3801 151 3808 Ι
177 3724 291 3786 llonna
311 3719 379 3782 haec
403 3715 513 3780 saltem
541 3719 679 3798 potestas
698 3722 746 3778 est
766 3717 939 3781 necessaria
961 3718 994 3782 in
1017 3723 1104 3782 omui
