2574 4198
447 235 535 278 arnan
555 233 714 280 sucunnus.
1010 214 1069 282 ’635

133 333 269 396 Tertiam
288 334 422 416 denique
443 342 505 397 erat
522 353 627 397 earum
640 352 744 396 rerum
762 353 839 417 quas
853 334 957 398 fideles
971 353 1071 399 sacer-

90 423 214 485 dotibus
224 423 443 504 largiebantur,
458 425 618 487 occasione
632 424 846 504 exequiarum,
862 424 907 486 vel
922 425 954 486 in
969 443 1072 508 recep·

91 512 174 574 tione
198 519 481 589 sacramentorum,
503 513 630 592 aliisque
642 513 832 574 caeremoniis
854 513 968 576 sacris:
990 514 1073 578 unde

91 606 181 662 enata
193 607 265 662 sunt
274 601 343 680 iura
353 601 436 663 stolae
449 619 517 681 quae
530 601 683 681 praecipue
696 601 834 681 parochis
847 609 915 681 post
928 602 1073 666 adminis-

91 689 256 751 trationem
273 708 428 753 sacrorum
445 690 630 752 tribuuntur.
647 689 701 751 Hae
710 689 878 752 oblationes
892 691 979 753 initio
989 701 1075 754 erant

92 777 285 855 voluntariae,
301 779 354 840 sed
366 780 511 860 temporis
526 781 610 859 lapsu
620 779 651 840 in
663 779 828 841 laudabiles
841 782 1075 844 consuetudines

94 865 248 943 abierunt,
264 868 305 929 ita
322 874 357 930 ut
370 870 386 929 a
401 868 538 930 Concilio
552 867 746 929 Lateranensi
764 870 804 930 IV
824 869 972 930 sancitum
987 870 1076 932 tuerit

94 962 128 1017 ut
140 955 307 1017 liberaliter
330 956 454 1038 quidem
475 963 663 1018 sacramenta
683 964 851 1037 ceteraque
874 976 959 1019 sacra
979 958 1076 1020 officia

95 1043 402 1118 administrarentur,
418 1045 471 1108 sed
493 1045 597 1108 fideles
610 1052 712 1107 tamen
729 1045 897 1108 oblationes
917 1053 1077 1109 consuetas

95 1139 289 1216 praestarent,
304 1142 538 1215 recusantesque
553 1135 591 1196 ab
601 1135 757 1215 Episcopis
770 1135 837 1216 cogi
853 1143 976 1217 possent
993 1155 1000 1198 ε
1016 1155 1077 1198 non

95 1224 170 1286 verd
191 1222 305 1286 dantur
324 1230 358 1286 ut
382 1225 513 1305 pretium
534 1241 638 1284 rerum
665 1241 835 1298 sacrarum,
861 1223 892 1284 in
916 1243 977 1306 quo
1000 1231 1078 1286 esset

96 1313 243 1389 simonia,
258 1311 311 1374 sed
323 1319 468 1393 tanquam
484 1312 645 1394 premium
661 1311 787 1391 laboris,
803 1319 833 1372 et
854 1317 1001 1394 tanquam
1021 1313 1077 1375 ali-

97 1409 203 1465 menta
218 1401 366 1463 ministris
378 1401 489 1464 debita.

138 1490 223 1552 Nota
237 1495 269 1552 l·
283 1489 362 1553 circa
372 1488 541 1572 praestanda
553 1488 593 1550 ob
602 1490 801 1551 assistentiam
815 1489 950 1571 exequiis
959 1497 988 1552 et
1003 1490 1077 1552 mis-

98 1580 140 1642 sis
153 1597 213 1662 pro
233 1579 395 1657 defunctis,
410 1579 493 1661 qudd
515 1577 586 1639 nibil
609 1577 717 1640 debeat
735 1577 849 1659 percipi
865 1597 920 1659 pro
943 1580 1079 1659 personis

99 1669 152 1751 qui
167 1687 231 1732 non
246 1670 394 1731 intersunt
407 1685 462 1749 per
476 1685 508 1729 se
522 1673 575 1728 aut
589 1686 643 1748 per
657 1667 761 1742 alium,
778 1667 835 1727 nisi
848 1665 924 1728 forte
937 1666 1077 1728 absentes

99 1764 202 1820 assent
216 1757 256 1820 ob
270 1775 390 1839 gravem
405 1757 614 1818 necessitatem
626 1754 782 1815 ministerii
797 1755 848 1815 :in
863 1772 900 1815 eo
914 1753 996 1815 enim
1009 1772 1080 1817 casu

100 1847 211 1910 meritd
231 1846 336 1908 fideles
350 1853 577 1926 praesumuntur
591 1842 762 1905 consentire
780 1841 955 1922 hujusmodi
970 1842 1081 1904 absen-

102 1935 160 2008 tiae,
174 1935 200 1998 si
212 1935 279 1997 talis
291 1933 510 2016 vigeatalicubi
526 1932 725 1995 consuetudo.
758 2011 761 2014 Ι

140 2022 221 2089 Nota
233 2029 267 2086 Ξ·
280 2023 363 2106 qudd
375 2022 412 2085 ad
427 2022 587 2085 lucrandas
597 2020 764 2084 oblationes
775 2039 831 2104 pro
845 2020 1007 2085 funeribus
1019 2040 1081 2084 non

102 2115 232 2179 sufficiat
246 2113 410 2188 interesse,
432 2121 485 2174 aut
507 2112 645 2194 privatim
664 2130 750 2173 orare
771 2130 826 2192 pro
844 2111 947 2188 libitu,
970 2111 1024 2173 sed
1037 2118 1082 2174 est

102 2203 305 2279 cantandum,
325 2201 516 2284 psallendum
539 2199 667 2262 autolio
691 2199 782 2260 modo
801 2199 960 2262 funeribus
984 2200 1081 2262 inser·

102 2293 259 2356 ciendum.
277 2293 367 2354 Sacra
381 2293 464 2352 enim
485 2291 595 2370 Congr.
621 2289 748 2351 Rituum
762 2289 924 2351 consulta:
945 2291 1083 2354 «Utrum

108 2403 123 2440 a
142 2380 296 2464 parochus
308 2380 420 2461 aliique
435 2379 616 2454 sacerdotes,
640 2377 776 2458 exequiis
798 2385 1001 2455 mortuorum,
1017 2377 1083 2440 offi-

108 2497 122 2530 α
142 2472 259 2552 ciisque
274 2468 458 2550 quotidianis
472 2486 527 2548 pro
540 2467 646 2528 iisdem
659 2467 843 2543 assistentes,
855 2473 1018 2528 teneantur
1029 2485 1084 2547 per

106 2583 122 2620 a
142 2577 176 2623 se
198 2558 335 2621 officium
348 2557 561 2619 detunctorum
576 2556 763 2638 persolvere,
778 2555 819 2616 ita
833 2562 867 2618 ut
889 2555 1084 2618 solummodd

106 2673 120 2706 a
141 2648 333 2725 assistentes,
344 2654 373 2709 et
387 2665 450 2709 non
465 2653 634 2718 cantantes,
645 2645 691 2706 vel
705 2645 876 2726 psallentes,
892 2642 1007 2708 fructus
1021 2643 1083 2708 no'n

105 2763 121 2798 ι
141 2739 256 2802 faciant
276 2753 347 2798 suos
367 2755 375 2796 ε
398 2753 436 2797 an
455 2736 525 2796 verb
548 2733 677 2795 sulliciat
695 2743 728 2796 ut
746 2735 907 2812 assistant,
935 2740 964 2797 et
982 2733 1084 2798 schola

106 2851 121 2887 u
143 2827 282 2891 officium
297 2824 456 2906 persolvat,
472 2824 546 2905 ipsis
560 2822 674 2883 interea
689 2841 744 2902 pro
758 2841 814 2883 suo
828 2822 914 2884 libitu
929 2822 1002 2883 alias
1014 2841 1083 2902 pre·
1133 2831 1146 2854 ·

105 2942 121 2976 a
140 2937 194 2982 ees
208 2914 422 2992 tundentibus,
437 2933 465 2976 v.
487 2933 517 2994 q.
537 2911 718 2973 breviarium
737 2909 936 2972 recitantibus
956 2929 1011 2991 pro
1029 2912 1084 2972 sua

106 3031 121 3067 u
141 3005 324 3091 quotidiana
333 2996 1039 3085 obligatione‘l-tlespondendumcensuit:As
1059 3019 1085 3060 n

105 3122 120 3155 a
140 3093 363 3176 mativtqooad
373 3093 506 3176 primam
518 3101 647 3174 partem,
662 3123 701 3137 -
713 3087 862 3170 Nepotivd
874 3086 972 3172 quood
985 3091 1083 3150 sccun-

105 3186 242 3250 adam»
265 3182 392 3247 :tlmaii
407 3185 496 3244 1857.

139 3277 213 3340 ⁵180.
227 3273 351 3347 Ouaerit.
363 3276 396 3333 t⁰
411 3275 458 3332 An
469 3268 635 3350 Episcopus
647 3268 757 3330 babeat
764 3269 814 3347 jus
825 3266 992 3331 oblationes
1004 3271 1089 3333 inter

102 3365 279 3432 sacerdotes
301 3359 454 3424 dividendi
485 3365 576 3441 prout
608 3358 705 3438 magis
728 3357 870 3438 expedire
882 3356 1083 3436 judicaverat

138 3459 236 3536 Resp.
254 3453 285 3516 l·
303 3450 490 3533 Regulariter
504 3447 669 3508 oblationes
683 3445 720 3508 ad
735 3447 902 3528 parochum
914 3449 1082 3529 pertinent,

102 3546 149 3610 rel
171 3545 212 3607 ad
235 3543 301 3606 loca
323 3541 435 3622 quibus
457 3537 646 3600 destinantur
666 3535 705 3596 ab
719 3535 936 3614 offerentibus;
956 3537 1083 3620 proinde

102 3635 274 3718 Episcopus
290 3628 458 3692 nonhabet
472 3628 522 3706 jus
544 3625 715 3687 absolutum
738 3626 805 3687 illas
825 3625 978 3688 dividendi
995 3633 1084 3706 prout

103 3725 203 3808 magis
225 3717 368 3804 expedire
384 3715 582 3797 judicaverit,
602 3715 674 3777 cbrn
695 3715 861 3795 praesertim
881 3733 918 3777 ex
934 3715 1013 3776 titul.
1032 3717 1081 3789 lb,
