2604 4196
485 335 572 380 arara
592 335 749 382 secururs.
1019 349 1021 352 ·
1052 326 1106 384 50!

130 432 198 494 alba
213 433 303 494 etlam
319 437 381 496 unt
395 437 514 499 manica
528 443 630 498 careat
646 485 654 512 ‚
672 439 696 500 si
718 445 876 520 rumpatur
900 439 1059 522 cingulum
1082 447 1112 502 et

131 521 215 584 nulla
227 541 295 603 pars
311 523 350 584 sit
363 523 517 587 sufficiens
530 525 568 588 ad
578 525 782 606 cingendum
798 546 887 591 secus
903 576 911 604 ,
928 531 953 590 si
969 548 1114 610 unapars

130 616 211 671 esset
224 611 378 674 sufficiens
391 633 399 675 r
415 620 551 695 tuncque
573 616 766 678 commodius
779 617 919 680 connecti
932 625 1032 700 posset
1041 637 1113 680 cum

131 705 216 781 parte
230 701 365 764 detractt
381 723 390 779 ;
411 704 463 766 sed
478 703 537 766 hoc
551 703 615 766 lieri
627 723 689 766 non
697 713 799 787 posset
812 706 837 767 si
852 707 936 769 nulla
951 725 1021 788 pars
1035 715 1112 768 esset

131 787 333 851 sufficiensad
350 792 548 872 cingendum.

172 878 347 941 Generatim
362 881 386 942 si
403 889 501 944 vestes
514 882 689 945 rellciantur
706 881 852 965 paulatim
868 930 877 961 ,
892 883 982 945 etiam
997 883 1113 964 adjecta

132 972 217 1046 parte
231 986 294 1028 non
305 968 471 1042 benedicta,
488 971 658 1034 benedictio
668 990 730 1033 non
745 972 863 1052 deperit
878 991 886 1033 ε
902 972 1036 1034 siautem
1051 991 1108 1036 unc

133 1059 200 1116 actu
214 1055 343 1119 addatur
357 1059 430 1139 quid
443 1061 540 1139 majus
555 1066 639 1140 parte
651 1059 821 1137 benedicta,
832 1061 1007 1142 deperditur
1020 1061 1099 1122 beno

133 1140 245 1220 dictio,
262 1147 376 1224 majore
392 1156 475 1227 parte
489 1149 526 1209 ad
540 1167 572 1210 se
587 1150 739 1211 minorem
752 1149 899 1212 trahente.

174 1233 204 1293 Si
220 1234 293 1295 verd
308 1234 550 1316 deduplicaretur
559 1238 672 1315 casula,
686 1237 762 1300 duas
776 1238 891 1300 habens
904 1239 994 1302 lacios
1008 1237 1111 1320 dupli—

135 1321 178 1381 cis
198 1323 327 1398 coloris,
352 1332 386 1385 ut
407 1325 498 1387 modo
518 1327 643 1388 serviret
663 1346 718 1408 pro
741 1347 804 1390 uno
820 1328 938 1400 colore,
951 1328 1042 1389 modo
1058 1346 1117 1408 pro

137 1409 215 1486 alio,
231 1411 315 1492 J'urta
332 1412 487 1489 rubricae,
504 1431 566 1476 non
583 1415 652 1476 ided
665 1416 815 1478 amitteret
826 1435 913 1478 suam
928 1416 1116 1478 benedictio--

138 1515 218 1576 nem,
235 1519 304 1580 quia
320 1501 478 1565 benedicta
491 1503 547 1565 luit
558 1524 613 1586 pro
623 1507 751 1587 utraque
761 1505 848 1583 iacie,
864 1512 957 1586 etper
970 1505 1111 1584 dedupli-

137 1587 284 1650 rationem
300 1591 400 1652 casula
415 1610 476 1653 non
491 1593 603 1654 amittit
616 1612 702 1654 suam
714 1593 854 1656 formam.

175 1681 245 1738 662.
271 1679 394 1750 Quaerit.
424 1686 457 1743 l⁰
480 1682 558 1754 Ouid
582 1683 619 1744 sit
637 1681 811 1746 iaciendum
826 1683 1006 1744 devestibus
1020 1683 1121 1744 sacris.

136 1765 176 1825 ita
191 1785 249 1828 usu
262 1767 377 1830 detritis
388 1775 421 1831 ut
444 1769 586 1832 decenter
606 1771 644 1831 ad
665 1789 765 1832 sacras
786 1770 958 1832 functiones
978 1769 1119 1831 adhiberi-

137 1855 316 1934 nequeant?

176 1944 266 2025 Rosp.
297 1945 346 2007 Sic
371 1945 474 2008 haberi
499 1948 530 2009 in
546 1966 613 2030 cap.
630 1951 693 2024 29,
714 1947 752 2010 de
773 1953 960 2022 consecrat,
982 1947 1050 2010 dist.
1068 1953 1082 2010 l
1102 1968 1118 2009 :·

140 2053 155 2090 r
177 2031 286 2095 ditaris
303 2035 405 2115 pallae,
425 2036 577 2115 cathedra,
600 2037 816 2100 candelabrum
830 2043 859 2100 et
873 2037 988 2116 velum,
1003 2031 1027 2100 si
1042 2039 1111 2100 lue-

140 2143 155 2176 «
176 2122 237 2182 rint
259 2131 405 2186 vetustate
419 2135 619 2207 consumpta,
642 2126 784 2188 incendio
798 2126 944 2190 dentur...
960 2147 968 2203 ;
996 2127 1121 2189 cineres

141 2231 156 2266 a
176 2229 298 2293 quoque
312 2231 418 2275 eorum
433 2259 441 2293 ,
459 2215 490 2275 iu
507 2215 718 2296 Baptisterium
733 2215 919 2290 inferantur,
944 2215 995 2278 ubi
1011 2217 1121 2278 nullus-

141 2321 155 2357 α
175 2302 335 2364 transitum
352 2302 474 2379 habeat;
494 2310 545 2365 aut
559 2305 590 2364 in
605 2305 733 2384 pariete,
743 2312 794 2367 aut
807 2305 838 2365 in
852 2304 938 2366 lossis
954 2305 1109 2384 pavimen-

140 2409 155 2445 (ι
175 2395 276 2451 torum
287 2392 449 2468 iactentur,
461 2411 500 2454 ne
510 2393 729 2455 introeuntium
739 2394 1107 2474 pedibusinqulnenturn.

135 2479 198 2540 Usu
214 2479 418 2542 introductum
430 2480 486 2544 luit
501 2488 535 2544 ut
544 2501 612 2543 vasa
622 2503 660 2545 ex
674 2483 795 2544 metallo
809 2479 956 2553 conlecta,
972 2483 1004 2543 in
1015 2482 1119 2544 lusio--

136 2585 206 2628 nem
221 2567 513 2643 redacta,deindeud
529 2589 602 2633 usus
615 2572 704 2634 etiam
716 2570 857 2652 profanos
871 2571 1092 2652 possintreduci
1100 2593 1107 2646 ;

136 2656 187 2718 scd
201 2656 260 2718 hoc
275 2675 336 2719 non
352 2658 422 2720 licot
436 2660 535 2740 quoad
551 2660 607 2722 alia
630 2660 731 2721 divino
746 2660 840 2722 cultui
865 2667 1048 2722 consecrata.
1067 2662 1108 2722 Ex

135 2745 265 2808 restibus
278 2745 394 2808 detritis
409 2767 482 2810 nova
498 2757 673 2830 paramenta
688 2749 798 2812 confici
814 2756 941 2830 possunt
957 2767 965 2810 τ
980 2769 1008 2811 r.
1027 2770 1056 2830 g.
1073 2770 1118 2812 er.

135 2833 201 2897 albt
214 2836 360 2910 amictus,
375 2838 580 2915 manutergia,
591 2846 649 2899 etc.

173 2927 242 2986 Non
254 2931 355 2987 autem
369 2926 545 3007 prohibetur
559 2933 592 2988 ut
606 2945 655 2988 res
666 2931 754 2987 antea
769 2926 806 2988 ad
820 2944 894 2988 usus
906 2925 1048 3006 profanos
1061 2929 1107 2988 ad-

119 3013 235 3100 ¹⁴hibitae
252 3062 260 3091 ,
279 3021 381 3096 postea
397 3015 434 3077 ad
447 3033 549 3078 sacros
567 3034 640 3078 usus
652 3022 865 3078 convertantur
880 3033 887 3075 :
905 3021 937 3076 ut
948 3016 1048 3078 casula
1059 3065 1066 3093 ,
1079 3037 1118 3081 v..

136 3123 177 3184 g.,
200 3103 378 3168 conficiatur
399 3123 435 3166 cx
450 3111 530 3166 reste
544 3107 640 3168 serica
655 3105 794 3167 muliebri
811 3124 819 3166 t
835 3105 878 3166 sic
892 3107 984 3166 etlam
999 3109 1120 3188 templa«

135 3192 277 3256 falsorum
305 3192 434 3256 deorum
457 3195 633 3273 gentilium,
658 3215 686 3256 v.
701 3217 730 3275 g.
753 3194 904 3256 Pantheon
919 3201 948 3255 et
962 3197 1120 3277 templum²

134 3283 267 3360 Lucinae,
282 3283 365 3345 dSS.
384 3282 590 3359 Pontificibus,
606 3283 637 3344 in
645 3284 706 3345 veri
721 3285 774 3344 Dei
785 3284 895 3366 templa
906 3290 1019 3346 mutata
1037 3288 1119 3350 olim

134 3370 376 3434 luerunt-Non
391 3372 478 3434 decet
491 3379 593 3434 tamen
608 3380 640 3434 ut
654 3373 834 3436 donatorum
844 3373 968 3434 nomina
975 3381 1003 3435 et
1016 3383 1107 3440 stem-

133 3470 212 3524 mata
231 3460 414 3543 (armor'ries)
432 3461 464 3523 in
480 3461 553 3524 locis
571 3462 787 3544 apparentibus
806 3480 959 3536 sacrarum
982 3467 1119 3529 vestium

134 3549 346 3632 depingantur.

171 3652 240 3712 063.
265 3647 386 3722 Quaerit.
402 3653 435 3710 2⁰
445 3650 490 3712 Ex
505 3651 565 3731 qut
583 3648 710 3710 materid
727 3649 925 3712 conficienda
939 3651 998 3712 sint
1011 3660 1118 3714 vestes·

134 3739 245 3800 murat?

171 3830 258 3909 Resp.
289 3829 385 3909 Supra
408 3827 542 3892 diximus
565 3848 602 3891 ex
621 3829 681 3891 nur
701 3827 825 3890 tnatorld
841 3825 979 3890 debeam·
997 3825 1117 3960 cpptlcit
