2590 4208
210 286 252 350 tt
320 295 322 304 ’
496 288 649 336 ausurum
670 285 752 334 rums
771 283 907 332 eruamur

216 431 287 478 rem
304 402 529 492 prescribere:
553 421 627 465 nam
650 403 706 464 etsi
724 399 888 480 religiosus
912 407 1080 465 censeatur
1099 419 1190 481 regu·

215 500 280 565 lari
294 495 426 560 Praelato
444 509 477 554 sa
494 491 597 572 potius
611 489 834 564 obstrinxisse,
853 490 885 551 in
900 489 938 553 iis
951 509 1024 572 quae
1046 488 1087 554 ad
1103 508 1190 570 regu·

213 591 320 653 ‘larem
338 582 572 648 observantiam
587 581 756 660 pertinent,
774 586 912 641 attamen
928 580 960 641 in
982 579 1193 661 quibusdam,

218 680 255 740 ¹in
271 677 320 750 iia,
337 691 367 736 v.
384 690 445 751 gr.‚
462 687 533 748 quaa
548 668 669 731 cultum
684 667 830 731 divinum
844 678 1053 744 deprendunt,
1069 668 1194 750 Episoo
1275 683 1276 688 ’

221 766 346 848 pasius
367 757 546 842 imperandi
568 758 672 838 majus
689 756 784 820 habet
801 775 899 840 quam
922 757 1078 837 regularis
1100 776 1195 840 supe-

213 872 298 918 rior.

263 941 297 1003 ln
313 937 411 1000 dubio
434 946 539 1000 autem
558 943 664 998 utrum
680 934 766 998 lieita
780 935 819 997 sit
833 953 882 998 res
897 935 1068 1016 imperata,
1091 935 1142 1000 vel
1157 955 1195 999 an

216 1035 409 1114 (potestatem
425 1024 596 1108 superioris
610 1022 756 1098 excedat,
771 1024 991 1103 obtemperare
1009 1023 1106 1087 debet
1125 1025 1197 1088 reli·

225 1120 347 1197 giosus‚
373 1122 467 1196 prout
491 1113 584 1174 etiam
604 1112 636 1174 in
653 1131 728 1175 casu
747 1130 811 1194 quo
827 1111 990 1176 dubitatur
1011 1114 1196 1179 mandatum

215 1206 319 1268 ¹luerit
334 1209 531 1275 revocatum,
549 1220 658 1263 neone.
678 1201 758 1265 Casu
773 1220 846 1265 vero
866 1218 930 1282 quo
948 1201 984 1264 lit
1004 1201 1143 1266 dubium
1158 1223 1197 1266 au

216 1293 385 1373 ‘legitimus
399 1291 438 1352 sit
453 1291 610 1370 superior,
628 1307 692 1351 non
707 1301 753 1353 est
767 1289 918 1369 obligatio
932 1289 1122 1367 obediendi,
1139 1293 1196 1354 nisi

217 1383 283 1443 'iste
296 1379 508 1444 communiter
522 1387 557 1441 ut
569 1379 727 1456 legitimus
742 1379 907 1442 habeatur.
923 1377 972 1462 (V.
985 1379 1045 1444 liet
1060 1380 1182 1444 Commu

213 1473 339 1542 nautea
354 1477 428 1542 eto,
444 1466 484 1529 nl*
503 1468 664 1548 atta-505.)

607 1629 755 1683 PUNCTUM
773 1629 815 1682 111.

432 1773 464 1815 B!
479 1774 678 1815 attitulemus
693 1775 725 1814 tx
741 1773 802 1816 toto
817 1774 985 1818 beurandum.

263 1892 333 1953 bill.
357 1887 582 1972 Recensuimus
596 1905 691 1966 supra
707 1885 789 1970 (titt)
806 1888 910 1951 varios
924 1893 1122 1972 paupertatis
1134 1912 1195 1975 gra

223 1978 283 2040 dus
304 1979 358 2058 qui
383 1979 413 2038 iu
432 1975 585 2055 religiano
607 1973 713 2038 roveri
733 1983 870 2057 queunt;
896 1977 1036 2060 itemque
1057 1981 1195 2049 diximus

209 2066 327 2146 ·qualis
346 2065 463 2146 gradus
477 2066 517 2126 sit
538 2065 609 2128 vitae
623 2064 776 2146 religiose
792 2065 918 2150 proprie
931 2067 1024 2142 dicta
1044 2075 1195 2140 menda·

210 2155 272 2218 :tis
1278 2201 1279 2220 κ

263 2243 320 2304 illa
333 2251 439 2304 autem
461 2241 534 2306 addi
549 2240 644 2305 debet
667 2261 726 2305 nee
748 2244 904 2309 honorem
919 2249 1127 2329 amimam,
1146 2256 1194 2320 rel
1278 2231 1279 2244 ἵ

223 2331 398 2407 scientiam,
413 2331 465 2412 jus
478 2330 626 2412 eligendi,
639 2333 851 2414 praesentandi
863 2342 894 2398 et
906 2337 1089 2403 conferendi
1105 2342 1196 2408 bene·
1278 2379 1279 2384 κ

223 2419 331 2483 ficium
356 2419 501 2498 regulare
520 2437 587 2483 esse
611 2419 651 2484 de
674 2421 797 2503 objecto
817 2423 881 2487 voti
901 2433 1098 2510 paupertatis
1120 2434 1194 2497 reli·

222 2510 327 2589 giosae.
353 2507 439 2572 idem
454 2512 657 2573 communius
671 2520 702 2572 et
716 2509 914 2592 probabilius
928 2521 1054 2582 tenetur
1068 2519 1109 2584 de
1129 2541 1194 2587 ma-

224 2598 395 2679 nuscriptis
417 2598 527 2680 :quod
549 2599 755 2662 oonlirmatur
769 2601 857 2663 Brevi
882 2603 1018 2669 Postulat
1036 2607 1194 2677 Benedicti

215 2686 302 2760 ἲΧΙΙΙ,
326 2695 356 2746 et
370 2686 583 2751 declaratione
608 2687 777 2751 Clementis
790 2689 878 2768 v111;
904 2693 1043 2776 itemque
1064 2697 1105 2761 de
1120 2701 1194 2764 reli-

208 2777 318 2857 «quiis
331 2774 423 2856 juxta
436 2774 700 2840 Salmantieenses
721 2776 805 2858 (vide
819 2777 960 2844 Manuale
979 2794 1015 2844 11⁰
1030 2783 1123 2866 2750,
1141 2790 1194 2853 ubi

211 2863 412 3034 *expenditus
437 2864 513 2946 quid
536 2865 576 2927 sit
595 2865 796 2929 sentiendum
811 2868 850 2930 de
862 2871 993 2950 picturis
1015 2876 1194 2958 areligioso

208 2953 391 3014 elaboretis
409 3000 416 3015 .

261 3040 332 3103 982.
355 3040 510 3114 Quaeritur
524 3043 578 3106 hle
600 3062 608 3106 :
630 3043 662 3106 l⁰
674 3044 721 3106 lin
738 3045 892 3126 religiosis
906 3047 999 3112 liceat
1013 3049 1134 3117 habere
1147 3075 1195 3140 pe

210 3131 343 3194 -eulium
359 3177 366 3205 ,
384 3129 469 3192 idest
485 3131 606 3194 bonum
624 3135 807 3215 temporale,
823 3155 885 3198 non
899 3137 937 3200 ad
953 3146 1195 3211 communitatis

223 3217 277 3281 sed
293 3217 332 3279 ad
350 3217 598 3303 uniuscuiusque
613 3241 706 3284 usum
721 3224 942 3290 destinatum?

262 3306 353 3387 Resp.
369 3305 434 3369 Hoc
448 3319 531 3372 certe
546 3329 612 3372 esse
627 3311 784 3390 illicitum,
796 3315 821 3376 si
835 3314 972 3398 religiosi
984 3317 1128 3386 babeant
1138 3324 1197 3391 hu·

209 3394 306 3476 ‘jusoe
321 3394 435 3470 peeulii
457 3417 551 3460 usum
565 3398 841 3480 independentem.
857 3403 986 3468 Constat
999 3425 1039 3471 ex
1053 3408 1194 3478 Trideut.

206 3500 296 3544 sess.
311 3483 402 3558 XXV,
415 3503 443 3548 e.
463 3486 491 3562 l,
508 3487 550 3550 De
563 3489 697 3569 regular.
710 3490 743 3554 Si
758 3509 831 3556 vero
845 3491 937 3556 iilum
950 3493 1091 3562 babeant
1101 3502 1196 3570 modo

203 3571 424 3652 dependenti,
446 3575 503 3636 etsi
531 3577 727 3654 probabilius
746 3579 777 3642 id
802 3581 920 3664 pariter
941 3584 1152 3664 prohibeatur
1178 3613 1195 3656 a

220 3657 405 3724 Tridentino
427 3660 583 3746 (ididem),
608 3666 795 3732 ubidicitur
822 3689 830 3733 :
864 3670 1024 3736 «Nemini
1060 3677 1192 3749 liceat...

204 3767 235 3804 a
263 3747 384 3812 bona...
405 3751 500 3814 etiam
516 3753 645 3816 nomine
660 3766 852 3832 conventus,
877 3761 1053 3836 possidere.
1080 3767 1131 3832 vel
1146 3775 1192 3834 te·
1215 3833 1220 3847 ,
