2552 4204
486 295 571 340 nram
592 294 724 340 rannus.
1036 277 1092 339 tta

115 390 239 474 essin.);
255 395 286 452 2·
305 387 462 450 habendus
477 394 522 450 est
537 397 569 450 ut
584 389 650 469 ipso
662 389 740 450 facto
755 382 876 448 infamis
889 385 970 466 (cap.
993 386 1093 450 Alieni

113 484 169 558 23,
185 497 277 542 causa
292 483 324 552 Ξ,
340 497 372 558 q.
395 477 436 557 7),
453 476 581 558 proinde
596 483 641 538 est
656 474 829 557 irregularis
835 495 843 552 ;
860 477 891 537 3⁰
907 473 1014 537 amittit
1029 477 1089 556 pri·

114 569 260 650 vilegium
273 565 412 630 canonis.

570 752 588 832 a
610 753 644 816 n.

513 874 557 936 De
578 871 704 936 Haereat.

153 1027 225 1089 866.
251 1025 273 1084 l.
290 1018 419 1082 Haeresis
433 1017 614 1080 considerari
633 1025 729 1098 potest
743 1018 788 1080 vel
802 1023 832 1079 l·
849 1018 919 1079 inae
933 1033 986 1078 seu
1002 1015 1094 1097 objec-
1151 1037 1154 1040 ·

115 1113 186 1188 tiae,
202 1118 234 1173 et
249 1111 292 1172 sic
306 1115 438 1188 spectata
452 1113 497 1168 est
511 1107 636 1166 assertio
650 1106 861 1168 contradicens
874 1103 962 1166 alicui
977 1103 1094 1164 veritati

116 1219 183 1282 quae
197 1198 238 1260 ab
259 1195 392 1258 Ecclesia
416 1193 595 1274 proponitur
615 1199 763 1273 tanquam
785 1197 800 1254 a
825 1195 888 1254 Deo
902 1191 1051 1268 revelata,
1066 1199 1096 1252 et

115 1285 246 1369 proinde
257 1285 295 1346 ab
304 1283 449 1346 omnihus
459 1281 546 1342 firma
560 1280 619 1342 fide
629 1282 777 1358 tenenda3
792 1282 836 1344 vel
850 1285 882 1344 2⁰
895 1281 926 1342 in
940 1278 1095 1342 individuo

116 1393 170 1438 seu
185 1371 359 1455 subjective,
376 1377 406 1432 et
420 1369 462 1430 sic
477 1377 523 1430 est
536 1388 620 1430 error
634 1369 824 1432 voluntarius
837 1377 866 1431 et
881 1370 1015 1450 pertinax
1029 1387 1096 1431 con-

118 1470 160 1524 tra
174 1463 333 1524 veritatem
345 1457 414 1519 fidei
429 1456 583 1519 catholicae
596 1457 627 1518 in
640 1475 677 1520 eo
687 1458 739 1538 qui
752 1457 909 1538 profitetur
919 1457 1095 1537 religionem
1199 1528 1201 1534 ἲ

118 1549 327 1612 christianam.
343 1545 388 1608 De
401 1545 495 1624 priori
511 1544 602 1606 modo
614 1545 754 1606 haeresim
770 1545 957 1625 intelligendi
972 1552 1001 1606 et
1016 1563 1094 1626 quo-

120 1637 210 1700 modo
225 1635 350 1698 haeresis
364 1633 482 1694 differat
503 1634 521 1694 a
541 1633 746 1712 propositione
768 1634 912 1703 erroned,
929 1632 1030 1712 saled,
1045 1650 1096 1699 aa-,

115 1726 212 1805 pionte
224 1723 373 1797 heresim,
383 1727 455 1797 etc,
470 1719 650 1781 consulendi
663 1727 733 1780 sunt
744 1720 874 1799 theologi
887 1719 1050 1800 dogmatici
1065 1721 1095 1780 in

115 1819 246 1876 tractatu
257 1811 297 1873 de
311 1809 371 1871 fide
382 1809 429 1870 vel
443 1808 481 1869 de
496 1807 574 1868 notis
589 1807 776 1888 theologicis.
795 1807 928 1870 Sufficiat
942 1806 991 1870 hto
1006 1807 1096 1889 erpti-

118 1919 185 1963 care
199 1898 277 1982 quid
296 1898 335 1960 sit
354 1896 477 1958 haeresis
497 1895 528 1956 in
543 1895 677 1956 secundo
692 1913 803 1958 sensu:
827 1914 880 1976 per
901 1896 998 1958 solam
1012 1897 1093 1956 enim

120 1987 260 2051 haeresim
272 1985 437 2064 subjective
446 1989 597 2062 sumptam
608 1982 717 2063 aliquis
726 1983 881 2046 haereticos
890 1983 1092 2047 constituitur.

156 2075 273 2138 Dicitur
288 2077 319 2135 1ο
332 2073 436 2135 Error
452 2080 555 2133 eontra
567 2071 720 2134 veritatem
732 2072 805 2154 fidei
824 2072 999 2136 catholicoe:
1015 2071 1096 2135 unde

119 2163 239 2245 proprie
253 2161 413 2223 haereticus
427 2165 545 2222 nonest
559 2159 611 2240 qui
625 2161 723 2222 verbis
737 2162 857 2224 tantiam
866 2161 1008 2224 haeresim
1022 2180 1096 2243 pro-

119 2249 193 2328 fert,
214 2250 291 2332 quin
316 2247 486 2310 intellectus
510 2247 616 2310 haeresi
642 2249 741 2310 verbis
768 2256 891 2331 prolatae
923 2251 1095 2313 adhaereat:

119 2357 201 2402 error
214 2344 319 2400 autem
339 2336 510 2398 intellectds
532 2336 621 2398 dehet
648 2355 714 2400 esse
737 2338 850 2400 directe
873 2343 904 2400 et
925 2339 1097 2400 immediate

119 2431 223 2490 contre
248 2425 404 2488 veritatem
425 2424 464 2484 ah
484 2425 619 2488 Ecclesia
633 2425 789 2488 delinitam
812 2434 959 2506 tanquam
973 2427 1011 2488 de
1026 2426 1093 2486 fide.

119 2511 235 2576 Sufficit
250 2519 351 2574 tamen
364 2510 493 2573 dubium
509 2514 672 2594 positivum
686 2513 776 2593 plene
794 2514 1009 2592 deliberatum,
1027 2514 1097 2594 quia

120 2599 160 2662 sic
173 2601 321 2665 dubitans
332 2617 369 2660 eo
382 2599 447 2680 ipso
461 2600 578 2678 iudicat
595 2600 761 2662 Ecclesiam
777 2619 864 2682 posse
879 2619 978 2662 errare
992 2621 999 2662 :
1015 2603 1097 2664 unde

120 2689 233 2770 incap
250 2686 419 2762 Dudauel,
433 2686 469 2750 de
483 2689 659 2762 Hoeretiea's
676 2688 804 2751 dicitur:
828 2689 974 2752 «Euhius
992 2690 1024 2752 in
1039 2689 1097 2754 lide

127 2798 141 2835 r
160 2775 293 2839 infidelis
307 2782 362 2836 est.
379 2797 395 2834 r>

158 2865 275 2928 Dicitur
290 2867 321 2924 2⁰
345 2861 537 2926 voluntarius
549 2871 577 2924 et
588 2827 743 2945 pertinum
760 2864 867 2926 Hnberi
883 2864 972 2926 dehet
986 2871 1096 2946 ulper-

122 2951 200 3014 tinax
214 2970 268 3032 qur
261 2951 452 3012 voluntarie
467 2970 529 3013 suae
544 2953 702 3014 sententiae
718 2951 850 3014 adhaeret
864 2958 967 3013 contra
981 2951 1096 3016 doctri-

123 3057 191 3100 nam
204 3039 371 3102 Ecclesiae
366 3039 421 3117 ipsi
436 3040 621 3102 sufficienter
633 3041 830 3121 propositam,
842 3059 896 3102 seu
909 3041 1031 3122 quando
1042 3043 1096 3104 scit

122 3127 306 3190 contrarium
331 3126 428 3188 teneri
454 3128 492 3187 ah
515 3129 675 3190 universali
698 3129 848 3202 Ecclesia,
864 3131 918 3190 etsi
938 3129 1046 3191 acriter
1068 3138 1097 3194 et

123 3215 278 3278 mordiciis
292 3232 358 3274 eam
375 3232 436 3274 non
451 3220 591 3276 tueatur:
610 3217 648 3277 de
669 3235 729 3298 quo
750 3218 794 3278 sic
807 3216 896 3278 hahet
917 3218 948 3278 S.
966 3219 1084 3298 August

124 3301 154 3362 in
168 3319 237 3364 con.
252 3301 345 3362 dieti
360 3301 513 3382 Apostolus
526 3307 581 3376 29,
597 3323 686 3366 causa
702 3309 751 3379 29,
768 3324 799 3385 q.
815 3308 833 3367 3
847 3323 854 3365 :
875 3303 960 3376 «Qui
975 3313 1097 3369 sentens

126 3409 140 3445 o
160 3389 233 3450 tiam
250 3406 336 3450 suam
347 3391 506 3469 ,quamvis
521 3391 666 3454 falsam...
672 3395 776 3467 ,nulla
791 3393 934 3473 pertinaci
952 3396 1096 3457 animosi-

126 3481 220 3538 otate
245 3475 450 3538 detendunt...
456 3489 633 3558 Qquaerunt
656 3500 694 3542 au
697 3487 757 3542 tem
784 3485 871 3543 cauta
896 3483 1096 3546 sollicitudine

127 3565 334 3634 «veritatem,
360 3568 469 3648 corrigi
492 3569 586 3648 parati
608 3569 679 3630 oiim
698 3569 869 3630 invenerint
877 3589 1097 3652 ‚nequaquam

128 3643 143 3708 ἰ
163 3661 233 3714 sunt
247 3655 326 3713 inter
344 3652 501 3716 haereticos
524 3654 733 3734 deputandi.»
761 3689 799 3704 ·-
814 3658 870 3730 Oui
892 3659 987 3718 nescit
1007 3676 1095 3732 suam

127 3740 302 3802 sententiam
315 3757 381 3802 esse
393 3747 498 3806 contra
512 3743 654 3804 Ecclesiae
666 3743 865 3816 doctrinam(
858 3761 882 3804 rs
894 3749 939 3805 est
950 3742 1093 3806 duntaxat
