2604 4196
474 351 560 396 orrea
581 349 738 397 sscunous.
1035 338 1097 400 tta

118 464 226 542 agatur
235 457 273 519 de
288 456 442 538 Episcopis
463 454 615 536 (Uerrem,
631 455 682 517 lib.
698 460 729 531 2,
746 473 811 536 cap.
832 458 882 529 38,
898 455 1014 532 n⁰25)¹
1031 455 1096 515 :ita

118 547 299 630 ponendum
311 552 355 608 est
370 551 403 608 ut
415 592 424 621 ,
437 543 462 606 si
482 543 519 606 sit
533 561 644 622 corpus
658 543 724 605 laici
738 545 784 606 vel
803 541 903 606 clerici
918 559 980 604 non
994 561 1096 605 sacer·-

118 637 216 712 dotis,
238 635 461 716 cujuscumque
483 633 652 716 dignitatis,
677 631 769 714 pedes
792 632 852 694 sint
866 627 981 693 'rersbs
1005 631 1098 692 altare

118 743 225 788 coram
240 743 302 805 quo
316 722 453 804 exequiae
467 721 562 799 fiunt3
576 721 601 783 si
615 727 715 783 autem
736 722 774 782 sit
791 739 901 800 corpus
919 720 1095 802 presbyteri,

119 813 231 876 habeat
245 819 336 894 caput
348 813 452 873 versirs
465 811 569 874 altare.
586 810 709 871 Rituule
723 810 900 872 Romanum.

165 903 283 983 Apponi
300 907 427 982 possunt
441 899 572 980 insignia
587 899 754 962 honorifica
775 899 888 980 gradus
901 902 929 959 ot
947 897 1099 976 dignitatis

121 991 258 1054 defuncti
273 989 311 1050 ad
330 990 421 1051 latera
443 988 488 1050 vel
510 988 547 1049 ad
560 989 668 1068 pedes;
685 988 757 1049 item
779 991 936 1049 stemmata
955 985 1101 1066 gentilitia

122 1081 141 1143 e
153 1079 265 1142 feretro
277 1078 456 1160 pendentia,
473 1095 534 1138 non
548 1077 620 1139 verb
633 1077 762 1158 insignia
777 1073 938 1138 sodalitatis
952 1073 991 1135 ab
1002 1073 1100 1136 Eccle-

123 1170 168 1231 sia
182 1168 344 1230 damnatae.
363 1167 455 1228 Pallia
467 1171 568 1228 tamen
583 1166 630 1227 vel
644 1165 701 1227 alia
715 1164 815 1227 altaris
827 1168 1005 1225 ornamenta
1017 1209 1025 1239 ‚
1040 1167 1070 1224 et
1084 1164 1101 1224 b

124 1257 242 1321 fortiori
256 1263 432 1338 paramenta
451 1254 646 1318 sacerdotalia
668 1254 738 1332 (nisi
758 1253 819 1315 sint
839 1253 969 1334 insignia
987 1251 1103 1313 ordinis

125 1347 275 1428 defuncti)
303 1344 438 1407 adhiberi
460 1361 522 1406 non
547 1349 674 1426 possunt
694 1343 731 1404 ad
754 1347 967 1405 ornamentum
988 1340 1098 1402 feretri.
1180 1370 1183 1376 ·

126 1435 204 1500 Poni
216 1441 315 1516 potest
327 1453 438 1496 corona
452 1451 544 1516 super
557 1432 701 1494 feretrum
712 1431 875 1510 virginum.

165 1531 199 1587 7⁰
222 1525 252 1586 Si
274 1523 410 1586 habenda
424 1523 462 1585 sit
474 1523 569 1585 oratio
583 1521 728 1595 funebris,
745 1519 810 1582 haeo
831 1517 879 1594 lit,
896 1517 988 1579 missb
1003 1515 1101 1592 frnith,

127 1622 199 1679 ante
212 1613 442 1676 absolutionem.

174 1726 191 1765 r
211 1704 261 1778 Si,
277 1709 367 1784 prout
382 1702 414 1764 lit
429 1700 614 1782 aliquando,
631 1698 667 1760 ad
679 1696 831 1759 tumulum
847 1695 943 1756 oratio
957 1694 1102 1755 habeatur

132 1818 147 1853 α
169 1796 187 1856 a
199 1794 288 1869 laico,
300 1798 330 1854 et
343 1791 380 1853 de
396 1789 540 1854 humanis
554 1787 760 1871 potiusquam
774 1784 812 1846 de
825 1783 996 1846 christianis
1007 1781 1104 1844 virtu·

132 1909 147 1942 a
168 1883 265 1960 tibus,
287 1882 386 1945 clerus
405 1878 538 1942 discedat
560 1876 678 1958 expleto
699 1873 818 1936 funere.
839 1891 855 1930 a
882 1872 989 1950 (Cone.
1007 1872 1100 1932 dven.

168 2063 203 2124 ln
219 1971 355 2122 dratione
368 2055 436 2122 Non
447 2057 558 2128 intres,
572 2053 662 2116 verba
677 2071 742 2113 rem
757 2067 839 2111 servo
854 2058 902 2110 luo
917 2047 1025 2110 mutari
1043 2066 1105 2110 non

130 2151 255 2225 debent,
267 2149 382 2212 etiamsi
397 2166 451 2229 pro
464 2146 591 2207 muliere
604 2141 739 2222 exequiae
747 2139 836 2214 liant;
851 2156 955 2199 vorsus
964 2135 1104 2216 Requiem

131 2249 275 2305 eternam
290 2245 320 2299 et
332 2236 533 2298 aliidiounlur
547 2234 579 2294 in
594 2227 738 2311 singulari
754 2245 893 2288 nurnero.

172 2333 204 2393 8⁰
227 2328 325 2390 Finita
347 2324 550 2399 absolutione,
572 2338 682 2400 corpus
700 2317 737 2378 ad
757 2314 952 2395 sepulchrum
973 2311 1105 2373 defertur
1190 2323 1191 2326 ’

132 2419 241 2481 eodem
262 2415 400 2478 modoet
421 2413 527 2476 ordine
548 2427 609 2491 quo
628 2407 665 2469 ad
687 2405 845 2468 ecclesiam
861 2403 985 2464 allatum
1001 2407 1064 2476 est;
1081 2401 1106 2461 si

133 2509 204 2572 verb
218 2506 317 2568 statim
337 2522 398 2566 non
413 2501 563 2564 deleratur
582 2497 619 2558 ad
635 2493 847 2575 sepulchrum,
866 2491 1014 2552 omittitur
1028 2489 1105 2550 anti·
1176 2485 1182 2494 '

134 2595 236 2681 phono
252 2593 288 2658 fn
298 2591 489 2678 paradisum,
503 2590 587 2668 Juxta
598 2581 904 2648 Rr'toolellomonum.

142 2749 145 2754 i
173 2689 208 2752 ln
224 2685 313 2750 certis
331 2683 421 2757 locis,
436 2680 474 2741 ob
488 2676 660 2738 distantiam
672 2669 932 2740 coenieleriorum‚
950 2665 1109 2728 Celebrans

135 2783 165 2841 el
178 2777 278 2840 clerus
288 2791 350 2834 non
369 2768 549 2833 comitantur
561 2765 652 2826 funus
670 2777 765 2840 usque
786 2757 824 2821 ad
844 2755 1036 2838 sepulchrum
1051 2773 1058 2814 :
1071 2773 1110 2816 co

135 2883 207 2931 casu
225 2865 302 2926 dum
316 2861 408 2924 funus
426 2855 559 2918 defertur
573 2852 611 2914 ad
631 2857 748 2932 portam
769 2847 880 2910 dicitur
893 2845 1106 2925 antiphonale

136 2953 324 3036 paradisum
340 2955 369 3013 et
382 2948 422 3010 ibi
436 2994 443 3019 ,
460 2943 597 3024 deposito
611 2940 738 3014 feretro,
749 2936 864 3016 reliqua
876 2933 939 2994 lieri
952 2939 982 2993 et
991 2931 1106 2992 recitari

139 3049 266 3126 possunt
281 3061 289 3102 ι
303 3040 366 3102 imd
379 3037 444 3098 haec
458 3034 561 3096 omnia
575 3029 638 3092 fieri
654 3030 782 3110 possunt
796 3026 827 3084 in
841 3021 967 3085 ecclesia
978 3067 986 3096 ‚
999 3020 1022 3082 si
1041 3019 1110 3082 talis

138 3133 215 3196 adsit
232 3126 431 3193 consuetudo.
448 3121 479 3186 S.
501 3123 538 3182 R.
558 3119 611 3194 C.‚
626 3121 665 3180 28
677 3115 733 3195 jul.
758 3116 851 3188 1832,
871 3121 905 3171 n⁰
923 3114 1001 3172 4545
1020 3113 1049 3172 2.

178 3227 210 3285 9⁰
232 3217 359 3294 Quando
373 3215 413 3278 ob
431 3210 525 3275 varias
543 3225 668 3278 causas,
684 3205 733 3266 die
758 3199 957 3282 depositionis
975 3197 1109 3262 defuncti

139 3314 319 3376 omittuntur
329 3306 418 3368 missa
428 3308 458 3365 et
469 3299 601 3363 officium
616 3294 840 3368 defunctorum,
851 3307 913 3352 non
927 3295 971 3351 est
985 3288 1109 3368 quidem

137 3401 282 3484 obligatio
310 3397 444 3478 rigorose
475 3389 525 3451 illa
555 3392 657 3469 postea
683 3378 872 3463 supplendi,
896 3379 966 3440 clim
992 3377 1112 3440 lliluulc

140 3465 1112 3567 firman.dehujusmodiobligationeomnindsilcat3sedmcnti
1230 3475 1233 3478 ·

171 3725 178 3751 ¹
195 3717 305 3768 Absente
317 3714 399 3760 aulem
412 3716 525 3768 corpore,
537 3697 644 3751 crucifer
655 3709 795 3760 semperne
807 3692 871 3742 sistit
884 3691 948 3741 inter
962 3691 1077 3740 feretrum
1088 3693 1112 3736 el

142 3796 236 3860 portam
249 3781 369 3840 ecclesiae,
384 3783 408 3828 et
420 3773 551 3830 celebrans
562 3771 627 3821 inter
639 3768 716 3819 altare
725 3773 750 3817 et
761 3763 877 3816 feretrum
888 3762 957 3828 illido
971 3761 1003 3810 lle
1019 3757 1111 3816 llcrdt,

142 3877 195 3916 rara
206 3860 232 3922 6,
247 3857 276 3909 n⁰
285 3851 326 3916 3l-‚
337 3848 388 3919 ΙΙΙ),
