2618 4212
157 271 221 334 r148
439 274 593 324 araneum
610 255 693 320 iunrs
714 268 859 318 ornemur.

204 425 219 460 ι
236 403 264 462 t.
281 391 454 477 Suspensio
468 409 506 454 er
517 388 686 453 informata
696 385 900 460 conscientia,
916 402 981 449 non
997 401 1089 451 secus
1109 405 1150 453 ao

108 547 110 552 .
157 489 228 565 iiia,
238 502 310 569 quae
325 499 380 565 per
393 475 777 561 judicialemsententiam
791 471 957 554 infligitur,
973 492 1150 557 personam

156 571 407 642 -ecotesrasticam
420 586 438 631 a
453 567 518 630 suis
530 563 710 638 ordinibus,
727 579 784 626 seu
799 558 963 646 gradibus,
978 561 1030 627 vei
1042 563 1150 647 digni·

158 663 281 728 ¹tatibus
293 655 511 723 ecciesiasticis
524 650 708 716 exercendis
723 647 893 713 interdicit.

204 796 218 829 ι
242 773 272 832 2.
282 770 317 828 in
326 759 623 845 hoepraecipueipsa
632 756 764 822 diiierta
772 755 915 839 Judieiali
925 760 1150 840 suspensione,

157 856 249 941 ·quod
265 854 435 918 adhibetur
454 860 607 931 tanquam
623 843 910 910 extraordinarium
923 847 1101 913 remedium
1116 853 1153 915 in

165 961 293 1026 poenam
309 938 438 1004 admissi
462 935 623 1013 criminis;
646 933 782 1016 ideoque
798 933 838 996 ad
853 933 995 1014 ejusdem
1014 936 1154 1020 imposi-

159 1037 284 1098 dionem
299 1047 363 1092 non
379 1025 588 1109 requiruntur
605 1041 664 1087 nec
676 1021 786 1086 iormae
793 1021 961 1104 judiciales
977 1043 1037 1088 nee
1051 1044 1155 1093 cano·

160 1123 245 1185 nicae
258 1116 502 1184 admonitiones.
518 1111 600 1177 Satis
620 1111 680 1175 erit
699 1111 845 1194 proinde,
859 1111 885 1176 si
900 1113 1050 1192 prelatus
1065 1115 1156 1182 hane

160 1226 295 1293 poenam
307 1205 453 1286 infligens
469 1200 605 1284 simplici
619 1207 727 1265 utatur
751 1206 920 1281 precepto,
935 1219 999 1282 quo
1011 1203 1157 1271 declaret

159 1318 200 1362 se
220 1296 461 1378 suspensionem
487 1291 528 1353 ab
551 1289 701 1354 exercitio
716 1305 878 1353 sacrorum
898 1287 1076 1356 officiorum
1101 1295 1156 1359 rel

158 1384 450 1450 ecclesiastieorum
486 1378 634 1442 munium
649 1376 801 1442 indicere.

161 1587 322 1652 mendum
337 1593 395 1662 est,
423 1583 476 1647 die
500 1593 532 1647 et
561 1600 670 1647 mense
698 1582 880 1664 designato;
906 1581 1052 1662 ittudque
1078 1585 1155 1652 terri

164 1679 263 1742 debet
277 1675 326 1739 vei
342 1675 383 1738 ab
402 1676 471 1756 ipso
485 1669 663 1746 Ordinario,
682 1671 782 1735 veleb
797 1671 858 1734 alia
876 1689 1010 1754 persona
1032 1671 1074 1736 de
1096 1693 1155 1738 ex·

170 1784 281 1848 presso
302 1763 403 1846 ipsius
427 1761 588 1825 mandato.
617 1759 652 1823 in
679 1759 790 1823 eadem
820 1768 925 1822 tamen
950 1761 1156 1829 intimatione

161 1853 413 1936 exprimendum
429 1857 486 1924 est,
501 1848 587 1932 quod
609 1847 765 1931 ejusmodi
794 1849 920 1930 punitio
940 1849 1100 1931 irrogatur
1122 1854 1156 1917 in

171 1945 234 2022 viru
257 1940 433 2006 Tridentini
449 1940 533 2022 (sess.
547 1955 611 2014 nv,
622 1955 691 2018 cap.
718 1943 745 1999 t.
762 1938 798 2000 de
812 1938 968 2019 Referta.)
987 1956 1024 2001 ex
1052 1939 1156 2006 inior·

168 2041 255 2094 mata
268 2027 538 2105 conscientiam}
554 2046 594 2091 ax
604 2025 706 2090 causis
723 2025 784 2106 ipsi
798 2023 965 2090 Ordinatio
977 2027 1072 2092 notis.

215 2148 268 2208 rt.
288 2146 409 2209 Dsennr
421 2159 676 2208 rusurnnaxrnnu
687 2157 949 2206 aanrusuxancnn
962 2157 1083 2208 onnrurs
1100 2163 1157 2212 vet.

163 2250 277 2299 orrrcn
293 2252 332 2296 no
346 2249 421 2307 Quas
435 2248 622 2297 uxrnnnrrun
642 2247 812 2306 susrans103
829 2229 954 2310 quodsi
978 2249 1157 2313 suspensus

172 2320 358 2384 interdictus
374 2321 413 2382 sit
427 2319 468 2382 ab
487 2319 605 2395 ot'fieio,
622 2319 671 2380 cui
688 2317 767 2380 alter
782 2317 814 2379 in
835 2318 939 2381 locum
954 2318 1053 2401 ipsius
1077 2321 1157 2384 sub·

166 2407 361 2482 stituendus,
379 2415 504 2488 utputa
530 2423 717 2470 oeconomus
732 2405 765 2466 in
781 2424 855 2475 cura
871 2405 1063 2486 animarum,
1077 2418 1158 2473 tuuc

172 2496 361 2560 substitutus
373 2494 551 2559 mercedem
563 2494 714 2577 percipiet
728 2510 765 2557 ex
781 2491 937 2555 fructibus
951 2492 1097 2558 beneficii
1123 2499 1157 2560 in

168 2605 209 2648 ea
238 2585 392 2666 portione,
421 2601 492 2664 quae
522 2583 609 2664 juxta
638 2582 779 2664 prudens
804 2578 962 2646 Ordinarii
985 2582 1157 2649 arbitrium

165 2674 340 2736 rsanabitur.
359 2671 435 2752 Atisi
451 2688 623 2752 suspensus
637 2669 668 2732 in
685 2668 746 2732 hae
761 2668 920 2732 taxatione
940 2686 972 2732 se
987 2681 1157 2750 gravatum

174 2761 317 2832 senserit,
333 2759 583 2825 moderationem
609 2775 781 2840 provocare
805 2759 920 2838 poterit
935 2758 1018 2839 apud
1034 2761 1157 2824 curiam

169 2847 488 2931 archiepiscopalem,
505 2855 560 2910 aut
586 2846 681 2910 etiam
698 2845 783 2928 apud
797 2845 911 2909 Sedem
927 2844 949 2906 Α
955 2847 1156 2928 postolicam.

217 2980 229 3014 r
258 2960 289 3018 s.
317 2955 447 3019 Errnrur
465 2971 534 3019 rrru
562 2971 657 3018 nonar
681 2970 794 3018 esurus
819 2971 998 3017 nunrnorns
1026 2971 1159 3022 arusuen

175 3062 284 3110 amun.
300 3042 487 3106 Abstineant
499 3051 604 3106 tamen
620 3039 778 3106 Ordinarii
793 3041 834 3103 ab
850 3041 917 3123 ipsa
934 3041 1107 3122 infligenda
1125 3048 1157 3109 in

177 3142 374 3216 perpetuum.
389 3131 477 3207 Quod
493 3130 517 3195 si
532 3129 574 3194 ob
585 3131 744 3214 graviores
758 3147 869 3193 causas
880 3126 1066 3196 Ordinarius
1081 3152 1159 3197 cen·

176 3223 272 3284 suerit
302 3238 372 3283 eam
401 3221 565 3302 imponere
590 3237 653 3282 non
682 3218 721 3282 ad
743 3225 869 3300 tempus
894 3217 1157 3304 determinatum,

169 3309 230 3372 sed
247 3307 287 3371 ad
308 3326 402 3372 suum
420 3307 667 3390 beneplacitum,
684 3315 761 3371 tuno
776 3308 845 3390 ipsa
858 3305 997 3370 habetur
1012 3319 1157 3390 protem·

177 3414 326 3478 poranea,
355 3397 490 3478 ideoque
504 3395 639 3459 cessabit
657 3414 731 3460 curu
753 3396 974 3478 jurisdictione
997 3396 1158 3465 Ordiuarii

168 3485 418 3569 suspensionem
433 3485 615 3568 infligentis.

221 3614 235 3650 r
256 3589 286 3653 6.
304 3587 508 3671 Suspensioni
526 3610 563 3653 ex
586 3590 756 3654 informate
776 3590 968 3654 conscientia
981 3591 1103 3674 justam
1121 3614 1160 3660 ac

170 3679 352 3759 ¹tegitimam
366 3696 495 3742 oausam
509 3677 628 3760 praebet
641 3681 774 3757 crimen,
792 3697 847 3744 seu
864 3679 988 3763 culpae
1003 3699 1160 3763 suspenso
