2618 4212
562 711 853 811 APPENDIXJ

243 923 292 986 Uti
306 923 337 984 in
354 922 456 1004 capite
487 924 592 1003 operis
634 921 831 992 monuimus,
858 917 912 981 hic
936 919 969 981 in
1006 925 1192 1005 appendice

203 1011 317 1075 damus
330 1020 431 1073 textus
457 1011 611 1092 quosdam
628 1008 785 1073 recentius
807 1003 984 1072 allomeris
1006 1009 1190 1094 Congrege-

204 1101 345 1163 tionibus
370 1109 533 1162 emanatos
564 1115 643 1180 qnos
678 1097 798 1160 nescire
812 1114 876 1160 non
897 1109 1033 1178 possunt
1062 1103 1188 1164 alumni

204 1187 623 1270 majorumseminariornm.

678 1327 703 1390 l.

203 1461 288 1507 cinni
317 1461 370 1506 sos
396 1461 445 1528 our
465 1463 617 1509 nournrro
640 1463 697 1508 rur
718 1461 920 1508 ranscmaro
941 1462 1066 1509 rnrrruu
1087 1463 1194 1510 cunin.

341 1550 540 1598 anctusnauu
561 1552 708 1599 aaronita.
733 1535 784 1608 (ad
808 1534 841 1596 T.
866 1533 891 1608 l,
914 1553 946 1615 p.
974 1533 1060 1615 latr).

243 1649 414 1732 Dignitates
454 1659 486 1712 et
517 1651 661 1713 canonici
704 1648 911 1712 Ecclesiarnm
950 1648 1194 1714 cathedralium

202 1737 395 1816 vacantium,
411 1738 543 1820 antoni,
556 1757 667 1803 eornm
686 1737 769 1801 vices
791 1745 945 1820 gerentes,
962 1739 1136 1802 concedere
1155 1749 1194 1802 et

203 1825 373 1890 transferre
392 1828 458 1890 ansi
472 1825 589 1889 inerint
606 1828 639 1889 in
653 1827 857 1890 nominatum
880 1833 935 1889 ant
956 1835 1184 1906 praesentatum

203 1917 242 1978 ad
255 1916 312 1978 has
337 1915 485 1978 ecclesias
511 1935 620 1978 earnm
643 1934 768 1990 curam,
794 1916 934 1996 regimen
970 1924 1001 1977 et
1027 1915 1196 1980 adminis·-
1301 1949 1302 1958 κ

203 2005 369 2068 irationem
381 2005 441 2068 snb
455 2005 564 2086 quovis
578 2005 680 2078 titulo,
699 2005 840 2082 nomine,
855 2003 986 2086 qnaesito
1006 2004 1114 2066 colore
1127 2023 1193 2067 er-

202 2093 525 2157 communicationem
549 2096 699 2175 majorem
726 2093 871 2156 Romano
894 2091 1040 2154 Pontifici
1066 2093 1186 2174 specia-

203 2183 273 2246 liter
303 2192 493 2246 reservatam
522 2184 707 2258 incnrrnnt3
753 2201 847 2264 qnam
889 2181 986 2244 etiem
1014 2183 1197 2246 incurrunt.

202 2271 358 2335 nominati
382 2281 412 2334 et
427 2275 605 2353 praesentati
621 2272 675 2354 qni
690 2271 876 2353 hujusmodi
891 2289 1013 2347 curam,
1039 2272 1186 2351 regimen

201 2371 232 2424 et
241 2360 549 2424 administrationem
564 2363 724 2443 suscipere
737 2361 852 2424 audent
870 2379 879 2436 3
895 2379 1019 2424 necnon
1032 2361 1089 2442 qni
1101 2380 1188 2442 prae-

201 2449 304 2513 missis
326 2447 488 2531 parnerint
510 2449 665 2532 cujusque
675 2456 785 2526 status,
809 2447 1014 2525 conditionis,
1029 2452 1187 2530 praeemi·

201 2539 317 2601 nentiae
341 2547 372 2600 at
395 2539 560 2620 dignitatis
590 2540 751 2601 inerint...
782 2537 917 2619 Insuper
955 2537 980 2600 si
1016 2536 1117 2619 aliqui
1144 2558 1186 2602 ex

200 2628 360 2710 praedictis
378 2628 550 2709 episcopali
565 2637 722 2690 caractere
737 2628 801 2690 sint
822 2626 976 2706 insigniti,
1003 2627 1036 2686 in
1053 2645 1188 2707 poenam

201 2718 428 2800 suspensionis,
441 2717 482 2778 ab
495 2717 644 2781 exercitio
659 2715 903 2790 pontificalium,
920 2723 951 2778 at
964 2715 1126 2778 interdicti
1144 2719 1188 2779 ab

200 2809 342 2888 ingressu
364 2806 513 2879 ecclesiae,
531 2807 600 2888 ipso
620 2805 712 2884 iacto,
734 2805 854 2886 absque
876 2804 942 2867 ulla
964 2803 1188 2867 declaratione

200 2895 356 2969 incidunt,
373 2893 494 2958 Sanctae
507 2895 578 2959 Sedi
595 2897 712 2977 pariter
726 2903 917 2957 reservatam
934 2893 1053 2976 (Const.
1073 2894 1188 2957 Rome-

200 3004 256 3048 nns
269 2985 410 3062 Pontifex
429 2982 467 3047 V.
482 2983 549 3046 Kal.
570 2995 649 3063 sept.
673 2983 772 3053 l8'13l.

670 3177 707 3240 lt.

199 3341 284 3388 cinci
318 3339 466 3386 conamus
483 3339 602 3385 suornm
633 3337 735 3384 circos
767 3338 807 3383 ro
827 3337 1011 3382 rnrannourr
1037 3339 1079 3383 to
1101 3340 1181 3388 sunu

238 3429 385 3476 aninumr,
403 3428 551 3474 sansonis
573 3426 824 3473 unccusnsrrcns.
837 3407 889 3491 (ad
912 3408 945 3469 Τ.
962 3407 986 3488 l,
999 3428 1030 3491 p.
1054 3407 1142 3491 tao).
1169 3453 1173 3460 -

370 3515 543 3580 'declaratio
558 3516 594 3581 S.
617 3517 658 3580 lt.
676 3523 705 3580 et
724 3513 997 3596 illaqueantem.

238 3632 274 3695 ln
289 3631 513 3695 constitutione
527 3632 572 3693 Pii
589 3631 628 3693 lll
643 3652 668 3695 s.
695 3651 736 3694 m.
761 3650 832 3714 qun
856 3629 967 3712 incipit
1000 3629 1185 3710 Apostolicn

199 3720 283 3784 Sedis
297 3717 521 3782 moderationis
535 3739 566 3784 ιν
580 3721 620 3783 id.
633 3728 698 3784 oct.
714 3718 792 3783 l869
807 3732 936 3783 centnm
944 3726 1005 3792 est,
1022 3741 1037 3774 ι
1052 3737 1182 3782 excom-
