2590 4208
488 257 572 300 traua
594 257 730 300 'rsnruus
1052 240 1089 298 il

117 379 133 416 s
160 363 366 442 auctoritate,
382 367 515 428 scienter
537 363 585 428 vel
602 365 785 445 ignoranter
806 365 973 445 contigerit
992 373 1089 428 atteno

117 467 133 506 a
160 449 271 512 turia»

160 533 304 602 Secunda
320 539 460 622 Gregorii
475 541 546 613 XV,
564 544 600 603 lv
617 558 687 621 aug.
707 541 797 613 rota,
820 541 990 621 prohibens
1006 561 1097 605 erec·

121 624 238 688 tionem
254 629 483 710 cujuscumque
504 638 678 692 conventus
693 629 886 708 regularium
918 649 925 690 :
953 652 968 689 a
988 630 1091 695 Nisi...

119 733 133 770 a
161 712 301 792 Priores,
328 736 381 781 seu
404 726 622 798 procuratores
643 716 780 780 aliorum
803 719 1095 796 manasteriorum,

119 814 337 868 conventuum
349 825 401 868 seu
414 806 568 870 domuum
583 806 716 869 aliarum
726 805 953 885 religionum...
965 825 1029 869 non
1041 825 1097 869 so·

119 911 135 948 n
161 889 231 954 lum
246 894 278 955 in
293 895 460 976 praedictis,
477 895 529 954 sed
546 893 640 956 etiarn
662 895 693 956 in
708 894 779 956 aliis
792 911 849 976 per
862 901 999 975 quatuor
1019 894 1096 956 mil·

118 1001 135 1038 a
161 980 204 1042 lia
220 999 386 1064 passuum,
403 983 637 1046 circumvicinis
651 983 740 1056 locis,
757 983 796 1045 ad
817 981 848 1044 id
863 983 965 1045 vocati
981 993 1011 1045 et
1033 1001 1092 1044 au-

119 1089 136 1127 »
161 1068 217 1130 diti
241 1068 357 1133 fuerint
378 1079 409 1134 et
431 1071 488 1133 tali
508 1071 657 1133 erectioni
677 1071 912 1146 consenserint,
941 1071 989 1134 vel
1016 1071 1098 1134 alias

123 1179 139 1216 v
165 1156 340 1222 Ordinariis
354 1161 499 1223 locorum
518 1160 692 1222 constiterit
707 1160 870 1239 religiosos
890 1161 1095 1234 monasterii,

119 1268 135 1304 a
161 1258 340 1311 conventus
359 1267 415 1311 seu
441 1248 556 1312 domus
569 1248 721 1328 regularis
743 1249 786 1310 sic
801 1247 942 1328 erigendi
964 1249 1094 1311 seueri·

119 1356 135 1392 a
160 1334 283 1415 gendae,
299 1337 418 1418 absque
432 1336 622 1400 detrimento
637 1337 868 1417 religiosorum,
885 1337 1097 1401 inmonaste-

118 1445 135 1482 n
161 1425 218 1487 riis
232 1443 288 1488 seu
302 1424 451 1488 domibus
464 1425 536 1490 in...
553 1425 630 1490 locis
640 1425 822 1506 hujusmodi
837 1429 959 1500 erectis,
976 1426 1098 1506 degan·-

118 1533 135 1571 s
163 1513 261 1590 tium,
278 1513 323 1576 ibi
335 1514 367 1576 in
383 1531 516 1578 numero
536 1513 706 1577 duodecim
724 1517 891 1578 commode
909 1524 940 1578 et
957 1533 1098 1596 congrue.

119 1623 134 1658 v
161 1602 360 1665 manuteneri
375 1610 405 1665 et
418 1602 460 1665 ali
475 1621 578 1686 posse.
600 1624 616 1662 s

158 1689 207 1754 Ex
221 1691 273 1754 his
286 1691 419 1755 inlertur
433 1692 626 1774 Episcopum
641 1709 733 1774 posse
745 1691 918 1755 concedere
932 1691 1097 1754 licentiamv

118 1797 241 1844 novum
265 1792 456 1845 conventum
478 1777 619 1862 erigendi
644 1779 730 1843 haud
750 1781 870 1844 vocatis
893 1781 984 1842 dictis
999 1798 1098 1861 supe·-

122 1868 274 1944 rioribus‚
291 1869 317 1931 si
330 1868 461 1944 aliunde
476 1870 536 1952 ipsi
553 1869 635 1932 bene
649 1877 769 1934 constet
782 1869 870 1932 hunc
884 1889 1003 1932 novum
1017 1887 1091 1932 con·

121 1964 253 2020 ventam
275 1957 394 2041 absque
415 1955 550 2023 aliorum
573 1958 763 2022 detrimento
785 1977 876 2040 posse
897 1958 957 2020 sibi
985 1958 1096 2040 provi·

117 2046 204 2109 dere.
1094 2101 1099 2107 .

161 2134 308 2199 Praelatos
333 2137 510 2218 superiores
537 2155 650 2201 vocare
685 2144 715 2200 et
739 2137 848 2206 audire
874 2155 937 2200 non
968 2145 1091 2200 tenetur

117 2224 296 2306 Episcopus
311 2243 369 2306 pro
384 2227 541 2289 erectione
554 2233 768 2290 conventuum
784 2228 970 2290 monialium
986 2274 994 2303 ,
1015 2227 1096 2308 quia.

117 2313 159 2376 de
181 2313 220 2375 iis
234 2331 298 2376 non
315 2314 491 2394 loquuntur
515 2315 714 2396 praelaudata
728 2314 984 2392 constitutiones,
1002 2324 1033 2379 et
1047 2317 1090 2378 sic

117 2401 225 2477 habet,
239 2402 328 2484 juxta
343 2401 377 2464 ll,
394 2403 504 2478 Bouix,
525 2405 630 2484 pravis
653 2422 749 2466 sacrae
767 2405 1034 2483 congregationis.
1054 2440 1088 2450 -

118 2490 348 2554 Contradicunt
362 2499 467 2554 tamen
483 2491 514 2556 S.
532 2493 709 2574 Liguorius,
727 2495 771 2556 De
788 2493 976 2574 Privilepa'is,
989 2503 1024 2552 n⁰
1039 2497 1090 2566 88,

118 2579 152 2641 ia
168 2579 244 2655 tine,
259 2587 291 2642 et
307 2581 462 2657 Analecta,
475 2583 580 2663 quoad
596 2582 750 2644 moniales
771 2582 954 2646 solemniter
969 2579 1094 2662 proles·

118 2686 180 2732 sas.
197 2667 244 2747 (V.
259 2669 409 2746 Manuale,
426 2681 461 2732 n⁰
476 2669 579 2753 2565.)

159 2755 192 2821 Si
217 2759 298 2820 nulli
323 2759 376 2821 alii
405 2759 564 2840 regulares
590 2759 787 2841 reperiantur
811 2760 926 2823 inloco
954 2760 1008 2822 ubi
1033 2777 1105 2832 no,

118 2865 179 2911 vus
188 2858 362 2920 conventus
374 2856 421 2910 est
431 2848 611 2930 erigendus,
628 2856 704 2910 tunc
718 2847 884 2926 Gregorius
899 2848 952 2911 XV
965 2850 997 2910 in
1010 2865 1088 2928 prae·

119 2935 494 3012 laudatacoustitutione
509 2937 683 3020 praescribit
697 2943 733 3000 ut
748 2935 930 3000 aOrdinarii
947 2937 1090 3000 locorum

118 3048 134 3087 r
160 3026 371 3098 nihilominus
389 3025 559 3106 diligenter
571 3027 734 3107 inquirant
749 3043 789 3088 an
807 3026 950 3088 locorum
967 3025 1092 3102 incolae,

118 3137 134 3175 s
158 3133 296 3200 quorum
317 3132 508 3179 consensum
529 3115 742 3197 requirant...,
760 3114 942 3194 hujusmodi
968 3111 1090 3176 duode-

118 3227 133 3263 ι
158 3203 913 3284 cimreligiososcommodealereetmanutenere
924 3203 1087 3266 valeant...

118 3317 133 3352 n
160 3292 351 3374 lrvitumque
366 3301 398 3355 et
418 3292 524 3367 inane,
539 3291 695 3374 quidquid
714 3310 841 3354 secus...
853 3291 1025 3370 ¹contigerit
1040 3300 1093 3354 at-

117 3405 132 3441 »
160 3381 294 3456 tentari,
321 3380 526 3444 decernentes
546 3403 576 3444 s.
594 3415 631 3429 -
647 3371 954 3458 consensustar'nen¹
971 3382 1094 3446 incola·

118 3488 191 3534 rum
214 3487 280 3532 nou
305 3469 487 3550 requiritur,
513 3470 543 3546 si,
559 3485 668 3548 eorum
685 3468 903 3550 eleemosynis,
916 3481 1092 3548 conventus

118 3577 183 3624 non
198 3560 239 3622 sit
253 3558 488 3637 sustentandus,
507 3569 562 3634 aut
575 3559 611 3620 si·
622 3555 776 3638 Episcopo
790 3567 911 3622 constet
927 3559 1096 3640 religiosos

119 3646 249 3710 aliunde
267 3664 359 3728 posse
373 3645 433 3708 sibi
448 3645 832 3727 sufficienterprovidere.

157 3736 227 3801 att.
251 3734 361 3810 Quoad
373 3733 433 3797 loci
449 3731 624 3815 paroclmm
641 3744 761 3797 certum
778 3737 924 3816 estquod
949 3739 1050 3818 possit
1064 3757 1100 3800 se
