2590 4208
439 315 441 322 ·
516 315 602 362 aura
622 316 758 366 renatus.
1082 304 1120 366 77

143 429 283 494 sitiones.
321 425 454 506 insuper
480 424 678 489 observanda
713 433 788 490 sunt
818 427 971 509 cujusque
998 423 1119 488 ordinis

142 525 268 583 statuta.

181 607 256 669 Jure
281 603 445 666 communi
475 600 646 682 appellatio
670 602 824 683 religiosis
853 601 1057 684 prohibetur,
1084 601 1117 664 in

142 695 247 760 causis
270 711 341 774 qum
355 709 412 752 nec
436 688 600 752 infamiam
622 708 681 753 nec
703 691 850 754 acerbam
872 708 998 772 poenam
1024 689 1116 752 indu·

142 792 230 848 cunt.
249 781 338 864 turp.
360 777 619 860 Reprehenst'bilis,
637 778 678 840 lle
691 778 875 862 appellnt.);
900 779 954 842 sed
967 778 999 840 in
1014 779 1117 840 causis

142 873 212 937 haec
226 867 482 952 importantibus,
495 866 612 930 eisdem
627 866 701 931 licet
713 868 884 950 appellare.
896 866 941 930 lta
952 865 983 930 S.
1001 865 1115 945 Congr.

142 962 258 1042 regul,
275 975 360 1021 anno
376 960 451 1019 7587
460 975 470 1032 ;
485 955 580 1018 modo
590 953 755 1018 manifeste
770 955 887 1040 iniusta
900 955 939 1018 sit
952 954 1115 1017 sententia.

144 1085 183 1100 -
205 1050 359 1113 Recursus
373 1045 509 1108 habetur
534 1044 574 1107 ad
595 1043 793 1126 superiores,
814 1043 865 1109 vel
890 1044 930 1108 ad
948 1041 1118 1108 Summum

143 1136 340 1203 Pontificem.

185 1231 273 1291 7074.
296 1223 422 1300 Quaerit.
440 1227 475 1284 70
488 1221 536 1285 An
549 1227 580 1283 et
593 1229 750 1304 quatenus
764 1221 943 1303 superiores
956 1221 1118 1302 generales

145 1335 209 1380 suta
226 1310 485 1396 congregationis
498 1311 689 1372 monasteria
704 1311 829 1374 visitare
844 1318 1011 1373 terreantur
1027 1309 1044 1373 i

184 1405 276 1484 Besp.
294 1399 502 1464 affirmative:
524 1420 540 1459 u
560 1397 749 1475 Temenion,
767 1399 870 1482 inquit
882 1399 1116 1477 Tridentium,

142 1515 158 1552 s
184 1509 247 1556 suae
261 1487 518 1568 congregationis
536 1489 725 1550 monasteria
744 1487 925 1569 frequentor
939 1488 1072 1562 visitare,
1089 1495 1119 1550 et

142 1603 158 1640 s
184 1580 315 1644 illorum
330 1575 544 1639 reformationi
559 1575 742 1638 incumbere
754 1597 784 1639 r.
810 1575 906 1657 (Sess.
924 1575 1016 1650 XXV,
1033 1594 1061 1640 c.
1085 1579 1116 1655 8,

143 1664 356 1748 Dellepulor.)

182 1757 248 1821 Nisi
281 1752 385 1835 gravis
413 1768 508 1816 causa
542 1749 629 1814 aliud
665 1760 833 1834 exposcat,
876 1751 991 1814 sufficit
1034 1752 1118 1816 ordi·

144 1847 234 1910 narie
247 1842 334 1927 quod
353 1842 531 1924 superiores
552 1839 649 1904 semel
673 1840 705 1904 in
729 1858 815 1906 anno
834 1840 1026 1905 monasteria
1039 1842 1117 1904 visi-

143 1944 221 1998 tent.

182 2022 316 2087 Nomine
342 2018 529 2082 visitationis
551 2019 739 2100 intelligitur
758 2017 855 2083 etiam
884 2017 1049 2102 inquisitio
1073 2017 1114 2082 de

141 2110 343 2178 subditorum
357 2108 420 2172 rita
434 2116 464 2171 et
478 2107 621 2171 moribus
635 2155 643 2184 ‚
660 2117 696 2172 ut
710 2108 931 2191 delinquentes
945 2125 1114 2173 coercean·
1191 2119 1196 2128 ·

141 2210 206 2270 tur.
222 2207 254 2264 ot
267 2199 417 2262 sanctitas
432 2197 504 2260 vitan
518 2205 752 2279 promoveatur.

182 2290 254 2354 llaec
265 2287 428 2369 inquisitio
441 2295 487 2348 ost
500 2287 546 2349 vel
557 2285 730 2369 judicialis,
747 2287 779 2350 in
796 2305 860 2369 qua
875 2285 1026 2351 Praelatus
1042 2305 1115 2368 pro·

139 2379 224 2444 cedit
238 2385 273 2442 ut
289 2375 407 2460 judex3
435 2375 483 2437 vel
498 2385 645 2460 paterna,
667 2377 699 2438 in
715 2395 779 2458 qua
795 2379 859 2460 agit
873 2395 911 2440 ex
931 2377 999 2442 sola
1014 2385 1116 2458 potes·

139 2475 204 2532 tato
218 2465 424 2542 dominativa,
441 2465 540 2528 instar
555 2465 817 2546 patris-familias.

179 2556 324 2638 Exceptis
338 2552 529 2636 quibusdam
545 2554 695 2634 gravibus
709 2553 914 2628 criminibus,
937 2561 1032 2635 prout
1047 2555 1113 2618 hae-

138 2648 216 2712 resis
230 2695 238 2723 ,
253 2647 334 2709 laesae
350 2644 520 2724 majestatis
540 2643 679 2716 crimen,
696 2641 912 2724 blasphemia,
934 2642 1113 2709 sollicitatio

137 2737 305 2801 occasione
319 2731 535 2803 confessionis,
551 2739 624 2810 ete,
640 2731 791 2795 Praelatus
810 2749 874 2794 non
890 2732 984 2794 debet
1002 2750 1113 2812 proce-

137 2826 213 2890 dure
226 2833 260 2890 ut
275 2823 371 2907 judex
386 2820 447 2884 nisi
466 2819 597 2903 quando
610 2821 731 2903 crimen
747 2821 806 2903 ipsi
822 2831 856 2883 ut
869 2820 971 2883 ludici
986 2819 1112 2883 denun-

137 2916 244 2980 tiatur.

178 3003 212 3068 ln
231 3010 303 3065 actu
325 2999 509 3064 visitationis
524 2999 690 3075 moniales,
706 2998 747 3062 ab
761 2999 918 3081 Episcopo
932 2999 981 3062 rel
1006 2999 1046 3061 ab
1059 2999 1112 3064 Or-

135 3093 220 3158 dinis
238 3092 369 3154 Praelato
392 3092 608 3169 interrogatas,
630 3090 752 3169 aperire
776 3097 926 3152 tenuntur
946 3089 1111 3152 veritatem

134 3183 217 3246 circa
231 3180 420 3244 violationes
435 3178 559 3258 regula,
577 3179 635 3240 etsi
649 3177 754 3255 leves,
776 3177 836 3239 nisi
854 3183 886 3239 l⁰
901 3177 1020 3241 crimen
1037 3177 1073 3238 sit
1095 3195 1113 3241 a

135 3271 235 3334 tribas
250 3267 342 3332 annis
360 3267 565 3330 emendatum
576 3287 585 3343 ;
610 3271 642 3329 2·
659 3266 703 3328 'sit
723 3267 766 3329 ita
785 3265 946 3329 occultum
963 3272 997 3328 ut
1020 3265 1111 3330 nulla

135 3359 329 3444 precesserit
351 3357 500 3431 infamia,
523 3356 571 3417 vel
594 3355 747 3419 indicium
766 3354 912 3430 evidens3
936 3357 971 3419 30
989 3363 1111 3418 constet

134 3449 259 3513 nullum
274 3445 449 3511 remedium
466 3445 532 3507 turs
546 3443 776 3520 adhibendum,
797 3442 846 3506 vel
860 3443 924 3524 jam
937 3444 1033 3506 luisse
1050 3444 1110 3507 do·

133 3537 245 3604 lictum
267 3536 492 3600 denuntiatum
517 3533 617 3596 abiis
646 3533 803 3615 aquibus
825 3531 965 3596 auditum
988 3533 1108 3609 luerat;

134 3629 168 3690 70
181 3627 303 3690 crimen
320 3624 414 3689 luerit
427 3624 589 3704 cognitum
611 3623 670 3686 sub
687 3630 807 3686 secreto
824 3623 981 3697 naturali,
997 3631 1028 3685 ot
1043 3639 1108 3686 non

134 3722 246 3800 'agatur
259 3714 300 3778 de
318 3714 437 3777 damno
451 3711 625 3776 communi.

147 3849 153 3856 -
172 3801 305 3875 Pttslam
324 3819 389 3869 non
415 3801 487 3866 licet
507 3819 566 3871 nro
585 3799 680 3866 libitu
699 3801 835 3871 crimina
852 3797 914 3868 sibi
936 3798 1032 3864 modo
1052 3816 1108 3882 pa·
