2590 4208
151 344 154 350 ·
171 317 181 372 t
188 313 205 369 6
439 333 593 382 rosunum
615 335 697 382 rents
718 337 867 384 canentur.

166 453 217 517 Sie
232 455 419 528 incoepisse
436 454 702 519 toannaeVatesiae
713 454 908 531 institutum,
921 457 1008 538 quod
1019 409 1135 541 postea,

167 561 251 604 anno
267 544 354 617 1501,
371 545 411 606 ab
426 543 604 607 Alexandro
613 541 653 606 Vt
669 542 728 605 iuit
744 543 973 625 approbatum3
991 546 1078 612 idem
1092 561 1135 615 est

45 619 49 630 '
164 631 334 696 dicendum
348 633 390 696 de
401 633 650 712 congregatione
665 631 811 694 Fratrum
823 630 1014 698 Scheiarum
1029 636 1136 703 Chris·

166 721 326 806 tianarum
341 740 446 786 vener.
466 721 508 784 De
524 721 566 784 La
581 719 677 794 Saue,
691 738 783 802 que,
809 722 934 784 nonnisi
952 724 1054 788 multo
1070 737 1137 806 post

169 827 259 872 suam
275 811 520 886 institutionem,
542 827 627 872 anno
643 809 731 883 titt,
748 809 1010 891 approbationem
1026 833 1045 878 a
1059 815 1137 879 Sede

167 900 345 978 Apostoiioa
359 898 517 972 obtinuit;
543 898 587 960 sio
605 899 804 978 incoeperunt
824 899 988 964 Maristoea
1009 901 1136 984 Gregor.

114 1031 117 1037 -
167 987 247 1062 XVI,
262 1007 318 1070 per
334 987 454 1050 Builam
477 986 615 1050 Omnium
629 986 780 1068 pontium,
795 988 979 1068 approbati3
1001 991 1046 1054 sie
1060 995 1138 1056 mui-

169 1086 209 1140 tae
224 1077 293 1140 aliae
306 1075 569 1156 Congregationes
582 1075 746 1156 religiose.
761 1076 828 1136 imo
839 1085 962 1138 constat
975 1078 1069 1141 hodie
1083 1081 1139 1144 Gu-

170 1168 248 1229 riam
276 1169 449 1227 Romanam
477 1163 561 1226 nolte
586 1163 686 1226 uttam
714 1181 827 1226 novam
856 1162 1137 1245 Congregationem

169 1254 358 1337 approbare,
371 1255 448 1335 quin
465 1271 521 1335 per
534 1253 683 1331 temporis
697 1253 949 1334 experimentum
967 1255 1137 1320 utilitatem

169 1362 258 1406 suam
274 1352 305 1405 et
317 1342 553 1405 consistentiam
568 1339 749 1404 ostenderit.
767 1339 901 1403 Proinde
917 1359 980 1404 nou
997 1345 1136 1426 amptius

169 1432 265 1496 hodie
283 1430 470 1510 prohibetur
488 1447 607 1493 novum
630 1429 775 1492 ordinem
799 1428 966 1506 inchoare,
990 1431 1086 1496 ruodo
1106 1434 1137 1496 id

169 1521 224 1584 tiat
247 1519 432 1584 auctoritate
448 1517 605 1583 Ordinarii
626 1518 649 1580 ¹.
673 1517 799 1582 Certum
820 1525 868 1580 est
886 1527 992 1581 autem
1015 1523 1136 1601 vigere.

168 1612 275 1675 adhue
293 1628 402 1684 nune,
424 1607 540 1670 dietam
563 1607 810 1690 prohibitionem
830 1605 960 1688 quando
979 1605 1138 1674 Ordinarii

168 1700 293 1766 lieentia
309 1698 405 1761 deest.
427 1697 563 1760 Proinde
581 1704 653 1760 veta
668 1714 739 1778 quae
752 1695 970 1758 emitterentur
984 1699 1016 1758 in
1031 1699 1140 1780 aliquo

170 1809 253 1855 novo
277 1787 421 1852 iustituto
442 1784 510 1848 sine
530 1784 656 1847 lieentia
676 1782 849 1866 episcopali
863 1782 1012 1864 incoepto,
1029 1785 1140 1849 iitioita

169 1886 273 1944 essent
294 1896 331 1940 ae
350 1873 484 1957 proinde
508 1873 619 1949 nulia,
643 1873 755 1936 saitem
780 1879 938 1953 quatenus
962 1885 1139 1957 respectum

170 1969 325 2033 haberent
338 1964 377 2026 ad
391 1963 575 2044 hujusmodi
589 1963 783 2024 institutum.
802 1960 849 2044 (V.
865 1959 921 2024 des
936 1961 1139 2028 Commoran-

171 2043 701 2133 &mmstmwffi*

214 2147 292 2210 Nota
319 2141 406 2222 quod
427 2141 534 2202 statim
555 2159 591 2203 ao
617 2159 635 2202 a
656 2137 687 2202 S.
714 2138 794 2203 Sede
820 2139 1003 2222 approbatae
1024 2140 1141 2208 fuerint

173 2232 415 2301 constitutiones
435 2229 573 2292 instituti
598 2229 786 2310 cujuslibet,
807 2229 930 2291 etiarnsi
953 2230 987 2292 in
1008 2248 1047 2294 eo
1071 2243 1141 2296 vota

174 2343 237 2391 non
251 2321 456 2394 emittantur,
478 2317 527 2380 vei
541 2319 695 2380 elausurae
710 2335 775 2381 non
795 2318 965 2400 subjaceat,
993 2321 1090 2385 nutiae
1110 2323 1142 2384 in

173 2417 218 2480 eis
233 2413 297 2475 sive
311 2409 504 2472 mutationes
523 2408 588 2470 sive
613 2406 790 2470 additiones
805 2406 872 2469 tieri
897 2416 1030 2488 queunt,
1047 2411 1142 2474 sivea

174 2501 391 2586 superioribus
404 2497 552 2573 instituti,
576 2496 641 2558 sive
656 2495 696 2558 ab
719 2493 896 2559 Ordinario.
922 2495 972 2578 (V.
989 2497 1141 2574 Manuale,

174 2596 313 2658 mutue.

212 2681 282 2746 ott.
306 2589 544 2744 dbservandum
565 2682 611 2736 est
626 2693 634 2736 ι
648 2672 682 2736 2⁰
702 2673 889 2737 monialium
903 2681 977 2736 vota
991 2677 1143 2740 solemnia

176 2791 241 2836 esse
253 2769 340 2832 haud
356 2783 459 2847 posse,
475 2765 534 2827 nisi
548 2763 661 2827 emissa
676 2762 792 2826 inerint
808 2764 839 2825 in
854 2767 1052 2827 monasteriis
1064 2768 1143 2831 elau·

175 2879 255 2926 surae
277 2855 385 2941 papali
408 2853 586 2930 adstrictis3
608 2853 673 2916 imo
691 2871 709 2914 a
723 2851 838 2916 Sancta
853 2853 932 2914 Sede
947 2853 1143 2933 prohibitum

176 2951 236 3016 tun
257 2967 298 3011 ne
319 2954 482 3026 erigantur
503 2949 679 3005 conventus
698 2940 885 3004 monialium
901 2941 934 3002 in
949 2941 1066 3022 quibus
1079 2963 1142 3009 non

177 3039 354 3106 admittitur
363 3031 516 3117 professi-o
530 3031 691 3093 solemnis.

215 3130 355 3191 Primum
371 3127 492 3184 constat
505 3126 573 3181 tum
589 3138 626 3180 ex
647 3137 715 3201 cap.
734 3117 919 3194 Periculose,
937 3119 980 3182 De
993 3129 1072 3183 stetu
1084 3142 1142 3207 rep.

178 3221 209 3282 in
227 3223 273 3293 6⁰,
295 3209 498 3275 ubidicitur:
517 3229 533 3269 ι
554 3206 637 3271 ttutti
653 3227 764 3271 earum
777 3207 992 3290 (monialium)
1015 3211 1143 3292 reiigio-

177 3330 193 3368 ι
217 3323 290 3367 nem
301 3301 392 3363 terite
406 3298 456 3361 rel
471 3315 617 3380 expresse
634 3295 792 3379 professo,
814 3297 854 3360 sit
870 3295 919 3360 rel
935 3315 1002 3361 esse
1015 3298 1141 3364 valeat..

210 3477 234 3526 t.
252 3472 301 3524 Sed
318 3483 373 3519 eum
386 3464 530 3530 ordinarius
546 3471 652 3531 nequeat
668 3465 795 3517 licentiam
810 3466 949 3518 concedere
966 3465 1013 3516 nisi
1034 3483 1078 3529 pro
1101 3489 1144 3526 311„

180 3545 292 3602 dioeeesi,
307 3540 387 3592 etsub
402 3539 546 3590 eonditione
556 3537 624 3602 quod
639 3551 689 3586 non
703 3536 750 3588 erit
766 3537 914 3588 retrahenda
926 3551 940 3587 a
953 3537 1062 3601 S.Sede,
1082 3551 1145 3609 patet

178 3622 401 3684 Congrrpatronem
413 3609 464 3660 sola
480 3608 627 3659 auctoritate
643 3606 766 3659 Ordinarii
787 3607 943 3668 institutam,
958 3609 992 3658 iit:
1002 3625 1028 3660 ιιι
1039 3627 1088 3664 nou
1101 3616 1145 3668 ha.

182 3693 240 3743 bere
259 3681 514 3745 consistendaeque
530 3679 700 3744 ostroquisita
720 3683 748 3727 ut
764 3684 881 3729 voventes
903 3679 953 3728 sint
970 3680 993 3729 in
1012 3686 1078 3735 statu
1093 3689 1144 3738 reii-

180 3763 252 3828 gioen
270 3755 367 3823 proprie
383 3752 459 3812 dieto,
472 3765 516 3801 seu
534 3763 591 3800 rere
608 3749 776 3814 permanenti3
790 3749 894 3814 proinde
906 3759 1026 3804 rorentet
1037 3755 1064 3808 io
1079 3756 1144 3811 iusti·

64 3873 66 3880 ,
84 3833 87 3840 ’
182 3842 236 3885 tuto
247 3825 389 3892 hujusmodi
402 3837 517 3874 nonense
530 3827 628 3872 rereset
641 3821 736 3884 proprie
754 3819 834 3874 dictet
847 3821 987 3888 religiosos.
