2604 4196
489 273 574 318 oman
597 272 754 319 saburrus.
1045 261 1107 320 ,699

133 374 208 446 1οῐος
236 369 388 434 celebrare
407 376 507 435 autem
531 372 596 433 sine
616 373 676 434 ulla
696 374 805 454 mappa
825 391 888 434 non
910 379 1069 435 excusatur
1089 373 1107 434 a

133 458 262 520 mortali.

172 548 410 612 Controvertitur
421 567 460 612 an
474 566 593 631 mappae
610 549 740 612 debeant
751 550 921 614 necessarib
934 569 999 614 esse
1012 551 1106 612 bene·

131 635 219 698 dictae
239 654 247 698 τ
270 637 418 700 sententia
433 657 549 720 negans
570 637 778 719 iiriprobabilis
796 657 858 701 non
872 639 990 702 videtur
1003 647 1105 703 sancta

134 723 291 804 Lignaria,
306 725 346 788 ab
357 727 564 790 auctoritatem
578 730 639 788 bb.
658 728 710 808 qui
726 727 769 789 sic
780 728 925 804 sentiunt,
940 729 1104 809 praesertim

132 815 265 876 Suarezii
287 835 294 876 :
319 814 393 893 sed,
421 815 479 877 boo
497 833 559 877 non
581 815 740 893 obstante,
757 816 854 896 magis
879 815 1011 878 adheret
1031 836 1105 878 sen·

133 902 234 965 lentiae
248 905 411 984 appositae,
433 904 473 966 ob
487 904 638 967 rubricam
653 922 743 985 supra
761 904 906 980 relatam,
922 905 989 966 uide
1003 905 1047 968 tit.
1061 905 1105 967 De

131 989 251 1072 desert„
269 1001 302 1054 n·
316 998 351 1069 43
364 993 431 1055 talis
445 995 517 1055 verb
529 993 663 1056 defectus
673 1013 735 1055 non
748 991 864 1055 excedit
874 993 993 1074 culpam
1006 995 1105 1056 venia-

133 1079 191 1141 lem
208 1100 216 1142 :
232 1081 315 1144 unde
330 1082 446 1145 nullum
461 1081 578 1144 videtur
591 1089 820 1162 essepeccatum
834 1080 858 1143 si
874 1081 904 1142 in
916 1084 1103 1160 necessitate,

132 1175 203 1247 puta
224 1169 250 1231 si
271 1169 303 1232 in
321 1170 370 1232 dia
393 1170 468 1233 festo
486 1171 684 1233 adhibeantur
704 1189 763 1233 non
784 1169 948 1233 benedictae
966 1173 1002 1234 ab
1021 1174 1103 1252 qubd

134 1255 298 1322 benedictae
313 1258 416 1321 haberi
433 1267 603 1341 nequeant3
620 1259 681 1321 imd
694 1263 724 1322 S.
742 1259 902 1341 Lignorius
914 1267 998 1340 putat
1008 1262 1103 1324 mino

133 1363 197 1407 rem
208 1365 330 1410 causam
345 1366 508 1427 excusare,
525 1349 597 1411 clim
607 1349 623 1410 a
632 1349 741 1410 veniali
754 1353 877 1410 excuset
890 1349 1002 1428 quaevis
1012 1368 1103 1412 causa

134 1434 325 1500 rationabilis

171 1527 241 1586 660
265 1527 387 1598 Quaerit.
406 1529 451 1588 An
466 1544 585 1608 mappae
595 1533 624 1588 et
637 1525 802 1608 corporalia
817 1527 985 1589 necessario
995 1546 1030 1588 ex
1040 1527 1102 1590 lina

132 1613 190 1673 sint
203 1613 415 1678 conficienda?

173 1704 260 1784 llesp.
283 1704 391 1767 Plures
408 1704 574 1782 affirmare,
599 1709 629 1766 et
646 1704 705 1766 hoc
726 1704 846 1784 probari
868 1723 955 1784 posse
976 1722 1013 1764 ex
1032 1723 1096 1787 cap.

133 1789 270 1853 Consulto
283 1797 343 1867 46,
362 1791 407 1855 De
423 1793 560 1868 Causea,
575 1793 644 1854 dist.
662 1797 676 1853 l
692 1839 701 1864 ,
723 1791 901 1852 ubidicitur
918 1810 925 1851 :
947 1793 1099 1854 «Sacrifi-

136 1904 148 1936 a
169 1881 251 1943 oium
266 1882 384 1958 altaris,
399 1901 460 1944 non
477 1884 508 1942 in
523 1882 619 1942 serica
633 1898 735 1961 panno
750 1885 800 1940 aut
814 1880 922 1956 tincto,
939 1879 1100 1961 quisquam

135 1991 150 2027 a
169 1970 321 2032 celebrare
341 1977 525 2053 praesumat,
549 1969 602 2030 sed
618 1969 649 2030 in
665 1988 742 2050 puro
763 1967 870 2044 lintea,
893 1969 931 2029 ab
953 1969 1101 2053 Episcopo

135 2081 149 2116 a
170 2069 360 2136 consecrata,
374 2059 487 2122 scilicet
501 2059 579 2121 linea
590 2066 743 2137 procreato
756 2080 785 2120 n.
802 2057 877 2119 Vide
891 2058 993 2133 ctiam,
1005 2078 1032 2122 0.
1048 2065 1099 2142 27,
1153 2069 1156 2073 “

130 2147 196 2211 dist.
212 2153 243 2225 2,
260 2147 305 2211 De
321 2149 487 2212 Consecrut.

169 2237 274 2301 Plures
287 2238 419 2300 econtra
433 2236 682 2300 communissima
692 2241 720 2298 06
731 2235 916 2317 probabilius
926 2235 1029 2297 dicunt
1041 2238 1099 2299 sul·

130 2325 218 2389 ficere
233 2345 270 2390 ex
284 2325 513 2408 cannabe,quia
528 2327 625 2388 linum
646 2332 676 2387 et
688 2324 844 2400 cannabis,
858 2325 942 2403 Juxta
958 2343 1097 2388 cammu-

129 2434 200 2478 nem
213 2435 324 2488 usum,
340 2415 547 2478 indifferenter
561 2420 723 2477 sumuntur
737 2432 793 2495 pro
807 2432 839 2476 se
854 2413 995 2474 invicem.

166 2508 293 2569 Decreta
307 2503 350 2567 Pii
365 2507 435 2582 Vll,
452 2509 488 2567 66
504 2504 574 2566 maii
592 2507 687 2577 l8l9,
703 2502 888 2583 prohibitum
905 2501 959 2563 luit
971 2501 1013 2562 uti
1030 2521 1096 2563 oar-

128 2594 295 2674 poralibus,
318 2594 405 2676 pallis
426 2601 455 2656 et
478 2592 688 2675 purificatoriis
708 2610 743 2652 ex
766 2590 907 2672 gossypio
928 2589 1094 2668 confectia;

128 2683 225 2764 quoad
242 2701 367 2766 mappas
382 2691 500 2756 autem,
516 2683 598 2744 albas
613 2687 639 2742 el
654 2681 798 2753 amictus,
814 2679 950 2741 illicitum
966 2684 1011 2741 est
1024 2683 1095 2761 qui-

127 2774 195 2834 dem
208 2820 216 2848 ,
230 2791 266 2834 ex
281 2772 388 2834 eodem
401 2773 549 2845 Decreta,
565 2789 599 2832 ea
613 2788 649 2832 ex
665 2769 805 2850 gossypio
814 2768 975 2842 conficere,
990 2769 1041 2830 sed
1053 2773 1093 2833 uti

127 2861 193 2924 licet
215 2863 252 2923 iis
266 2879 335 2943 quae
348 2866 485 2942 tempore
500 2859 614 2940 praelati
628 2859 748 2919 Decreti
763 2859 825 2934 jam
847 2855 982 2918 conlecta
997 2865 1092 2922 erant.

164 2953 208 3012 Ex
218 2949 338 3013 rubrica
352 2949 498 3024 Missalis,
514 2946 669 3029 corporale
678 2951 775 3006 toturn
789 2944 891 3007 album
904 2963 969 3005 esse
983 2944 1092 3008 debet:

125 3057 158 3100 er
178 3058 239 3122 qua
259 3057 321 3101 nan
341 3038 458 3100 ridetur
476 3037 566 3100 licere
583 3035 682 3098 latinis
702 3033 745 3096 uti
763 3033 910 3115 corporali
926 3052 1094 3114 gracorum

126 3128 212 3190 uariis
234 3127 359 3209 picturis
377 3127 493 3202 tincto,
509 3123 592 3206 quad
605 3125 677 3206 ipsis
692 3123 791 3186 locum
806 3127 889 3185 60006
903 3123 1005 3185 altaris
1020 3146 1092 3208 por-

125 3217 232 3294 tatilis,
261 3223 291 3279 et
321 3221 445 3278 vocatur
476 3214 673 3287 Antimensa3
704 3212 778 3276 illud
807 3212 906 3274 latinis
940 3214 1093 3294 probibuit

125 3305 236 3368 Bened.
253 3307 319 3368 xlv
338 3303 462 3367 Constit.
477 3303 617 3386 Inmasita
629 3302 727 3380 notis3
744 3302 891 3364 concessit
902 3308 1004 3365 lamen
1015 3305 1093 3370 illius

123 3410 209 3456 usum
231 3392 429 3456 missionariis
447 3391 478 3454 in
495 3393 629 3455 ecclesiis
646 3392 896 3467 Maronitarum,
917 3391 942 3453 si
961 3393 1091 3476 lapidem

121 3492 329 3546 consecratum
343 3500 405 3544 non
418 3481 575 3544 baberent.

158 3573 342 3634 oola-11.
371 3569 599 3634 Vestesraeroe:
618 3570 758 3634 videlicet
775 3570 1028 3652 superpelliceum
1044 3575 1089 3636 vel

119 3661 306 3737 rochettum,
321 3660 469 3740 amiotus,
484 3661 552 3722 alba
563 3661 763 3742 ,cingulum,
774 3660 983 3741 manipulum,
994 3661 1087 3739 stola,

119 3750 215 3813 casula
231 3767 286 3812 sou
299 3748 429 3830 planeta.
