2552 4204
461 260 547 306 arasa
570 260 704 304 runrrus
1013 244 1070 301 689

88 361 206 424 mentio
232 361 265 422 in
289 360 370 423 dicto
393 362 516 442 capite,
542 380 604 423 non
633 365 734 422 antem
761 358 799 420 de
826 357 1070 420 excommunica·

88 450 185 527 tione,
202 449 253 512 cui
267 449 425 528 subjacent
439 449 601 530 Episcopi,
621 446 738 510 etiamsi
753 447 784 507 in
800 449 865 527 lege
879 447 917 508 de
936 447 972 508 iis
990 444 1071 507 nulla

89 539 210 601 mentio
228 539 290 600 liat.

128 629 231 707 Reges
242 634 345 688 autem
357 631 388 688 et
399 627 547 708 Reginae,
563 627 702 708 quamvis
717 623 827 685 subditi
843 624 901 686 sint
917 623 1072 704 Episcopis

90 716 121 777 in
137 715 360 796 spiritualibus,
372 716 441 793 jore
453 722 554 776 lamen
569 732 647 775 novo
667 731 729 772 non
750 717 878 792 possunt
892 712 976 792 ligari
997 730 1073 773 cen·

91 805 172 867 suris
187 803 278 865 nisia
303 803 399 885 Papa:
415 809 446 864 et
459 803 516 864 hoo
530 821 567 865 ex
587 800 760 883 privilegio,
777 800 859 881 quod
873 801 916 862 eis
934 817 1073 861 commu-

91 893 172 955 niter
186 892 226 954 ab
242 895 308 952 ΑΑ.
325 891 508 954 attribuitur.

132 983 219 1045 Licet
235 981 421 1062 probabilius
437 981 606 1062 Episcopus
621 987 752 1060 nequeat
772 978 849 1040 ferre
869 996 1029 1041 censuram
1043 977 1075 1037 in

93 1071 295 1153 peregrinum
311 1069 608 1143 summonitionem,
632 1069 661 1128 id
684 1073 786 1130 tamen
804 1073 901 1148 potest
914 1072 1075 1148 postquam

94 1160 279 1240 peregrinus
294 1157 455 1238 deliquerit
475 1157 505 1218 in
525 1158 592 1220 loco
609 1163 637 1218 et
654 1157 819 1238 Episcopus
839 1175 910 1218 eunr
931 1155 1073 1218 citaverit

93 1249 211 1330 Excipe
226 1249 250 1309 si
266 1247 449 1328 delinquens
462 1247 630 1308 essetiltius
642 1246 783 1327 Episcopi
797 1247 953 1326 Superior,
965 1250 1000 1307 ut
1012 1245 1077 1324 eJus

96 1337 353 1416 Archiepiscopus
374 1337 420 1397 vel
442 1335 632 1411 Patriarcha3
652 1353 751 1410 secus,
774 1336 799 1396 si
823 1335 991 1416 Episcopus
1017 1351 1076 1394 uon

95 1431 176 1488 esset
188 1427 231 1487 illi
247 1425 472 1506 suffraganeus,
488 1425 559 1504 quia
574 1425 691 1486 ratione
707 1425 809 1487 delicti
829 1424 879 1486 ille
902 1422 1074 1504 Archiepis·

96 1535 194 1596 copus
210 1515 244 1575 fu
258 1515 398 1594 Episcopi
415 1513 563 1576 subditus

136 1609 170 1666 5⁰
192 1606 233 1668 Ut
245 1605 282 1663 sit
290 1621 416 1684 persono
429 1602 629 1664 determinata
645 1623 652 1663 ε
670 1602 723 1664 sed
733 1602 799 1664 baec
812 1602 946 1664 conditio
959 1620 1021 1662 non
1034 1606 1078 1662 est

99 1693 291 1766 necessaria,
318 1691 372 1752 nisi
393 1692 495 1772 quoad
516 1692 865 1753 excommunicationem
888 1711 895 1752 ε
916 1707 987 1751 nam
1009 1708 1077 1751 sus·

99 1783 192 1863 pendi
205 1789 259 1844 aut
274 1781 412 1842 interdici
424 1788 551 1862 possunt
560 1781 702 1852 civitates,
719 1780 857 1860 collegia,
870 1785 941 1856 etc.;
953 1779 1078 1841 sednon
1174 1785 1177 1791 “

100 1880 230 1952 possunt
246 1870 517 1932 excommunicari.
530 1872 573 1930 lla
583 1869 796 1931 communiter.

141 1963 213 2022 sle.
238 1958 362 2033 Quaeril.
380 1963 413 2020 t⁰
423 1961 470 2018 An
485 1958 608 2020 advenae
622 1977 766 2020 censuras
781 1956 961 2020 incurrant?

140 2052 234 2128 Resp.
262 2052 293 2107 1⁰
321 2046 458 2109 Advenas
486 2047 641 2110 incurrere
663 2067 808 2110 censuras
828 2049 896 2126 jure
923 2045 1080 2109 communi

101 2143 244 2212 statutas,
268 2135 359 2196 modo
384 2137 505 2216 vigeant
526 2135 557 2196 in
580 2136 647 2198 loco
671 2137 721 2198 ubi
746 2137 960 2218 reperiuntur;
980 2136 1042 2197 irnb
1056 2135 1080 2196 si

103 2231 233 2306 peccent
248 2229 353 2286 contra
370 2225 420 2302 jus
441 2241 621 2302 commune,
647 2233 774 2306 possunt
789 2226 889 2306 puniri
905 2245 957 2306 per
970 2243 1080 2287 censu·
1123 2220 1124 2225 ’

103 2315 232 2376 rantum
251 2311 290 2373 ab
308 2314 458 2393 Episcopo
472 2313 614 2394 proprio,
637 2319 701 2376 tum
721 2314 760 2376 ab
777 2316 927 2396 Episcopo
944 2313 1002 2376 loci
1025 2313 1080 2376 de-

104 2403 176 2465 licli.

133 2496 175 2574 ‚2⁰
198 2489 304 2562 Quoad
320 2508 464 2552 censuras
473 2492 542 2570 J'ure
553 2493 726 2574 particulari
741 2493 837 2554 illatas
853 2511 860 2552 :
876 2492 922 2553 vel
936 2491 1034 2572 agitur
1044 2490 1081 2552 de

104 2581 245 2643 censuris
261 2578 292 2638 in
306 2579 457 2641 territorio
472 2580 524 2641 ubi
537 2586 607 2643 actu
621 2589 746 2642 manent
761 2581 883 2644 advenae
897 2579 1081 2662 vigentibus,

105 2670 151 2733 rel
163 2669 203 2731 de
217 2668 356 2729 censuris
366 2684 429 2730 suae
440 2669 568 2749 propriae
578 2669 718 2731 dioecesis
731 2671 818 2751 equa
832 2677 902 2732 actu
915 2670 956 2731 illi
972 2687 1082 2748 egressi

104 2765 196 2834 sunt;
214 2759 247 2818 in
263 2757 460 2836 primocasu,
475 2757 610 2833 advenae,
622 2777 657 2819 ex
669 2760 809 2818 omniurn
826 2777 989 2828 consensu,
1002 2759 1083 2836 ligari

106 2852 236 2930 possunt
255 2847 392 2907 censuris
412 2847 538 2908 annexis
556 2847 674 2926 legibus
692 2865 823 2928 quarum
844 2847 1005 2906 violatione
1028 2835 1095 2925 pax'

107 2936 229 3017 publica
246 2936 416 2995 turbaretur
431 2935 462 2994 in
476 2935 542 2996 loco
561 2935 612 2997 ubi
628 2942 695 2997 actu
713 2943 856 3013 manent,
876 2953 930 2996 seu
949 2953 1017 3014 quae
1039 2951 1085 2994 re·

108 3024 240 3106 spiciunt
254 3041 419 3084 commune
434 3024 549 3085 bonum
564 3023 690 3104 hujusce
703 3026 844 3087 territorii
856 3045 865 3100 ;
884 3023 984 3106 quoad
998 3027 1086 3084 caele-

109 3131 173 3190 ras,
188 3112 273 3174 certd
291 3111 414 3173 advenae
434 3131 496 3173 non
513 3112 646 3192 ligantur
659 3117 796 3176 censuris
810 3115 876 3176 latis
895 3132 948 3193 per
962 3111 1087 3173 modum

111 3201 253 3282 praecepti
278 3201 465 3281 particularis
482 3221 488 3260 :
505 3201 530 3261 si
542 3203 614 3263 verd
635 3221 772 3266 censurae
796 3204 931 3264 terantur
949 3219 1003 3282 per
1023 3219 1087 3264 rno-

109 3289 186 3352 dum
197 3290 301 3351 statuti
313 3289 472 3370 generalis,
486 3293 718 3353 controvertitur
730 3311 768 3352 an
780 3293 904 3354 advenas
914 3291 980 3352 illas
993 3290 1090 3352 incur·

110 3385 179 3442 rant
195 3399 202 3440 :
219 3379 273 3440 sed
289 3377 474 3458 probabilibs
488 3385 606 3459 reputat
620 3382 651 3442 S.
669 3381 792 3460 Liguor.
809 3379 891 3464 qubd
908 3399 970 3444 non
986 3381 1089 3442 incur-

113 3474 181 3532 rant
194 3467 260 3549 (lib.
278 3473 309 3544 Ἰ,
321 3466 362 3527 nr·
378 3470 414 3528 Π
430 3475 458 3528 et
471 3467 535 3548 2¹1).

151 3557 188 3618 In
202 3554 339 3618 secundo
352 3574 436 3627 casu,
448 3555 558 3619 iterlrm
572 3555 784 3639 distinguitur:
801 3559 957 3641 relegitur
970 3557 1008 3619 de
1019 3575 1092 3620 cen·

114 3645 194 3708 suris
207 3645 274 3706 latis
287 3663 341 3726 per
352 3643 480 3706 modum
494 3646 607 3722 statuti,
623 3649 670 3710 vel
681 3649 718 3711 de
730 3649 948 3712 censuris‘latis
960 3664 1014 3726 per
1028 3661 1091 3706 mo-

110 3732 189 3797 dum
214 3733 357 3814 praecepti
376 3751 385 3794 a
406 3733 431 3794 si
452 3732 490 3795 de
515 3734 635 3814 primis,
652 3737 763 3799 subditi
785 3739 925 3799 absentes
947 3734 1013 3794 illas
1032 3749 1093 3792 non
