2590 4208
194 339 229 400 tc
469 351 623 398 axanxnrn
647 330 728 396 runis
747 328 893 394 cartorum.

194 457 393 524 nuntiatione
412 461 451 522 ab
465 478 503 522 eo
519 465 678 540 acceptata
689 459 743 539 qui
760 457 926 520 Praelatum
939 458 1104 520 instituere
1116 477 1171 522 va-

194 548 256 623 let3
273 552 305 610 2⁰
319 548 408 630 lapsu
424 547 576 631 temporis
590 545 718 627 quando
734 545 915 624 temporalis
934 553 1000 620 est;
1022 550 1058 608 3⁰
1074 556 1176 610 morte

197 638 352 714 naturali3
375 643 409 699 4⁰
424 638 631 718 depositione,
646 635 735 714 cujus
750 651 860 695 causas
878 645 1018 696 recenset
1029 635 1177 699 Clemens

197 723 247 800 lV,
265 743 349 787 anno
365 730 441 788 itui
458 743 514 806 pro
535 721 799 788 Cisterciensibus.

239 812 270 875 Si
291 813 374 877 Ordo
395 815 434 876 sit
455 821 640 894 exemptus,
668 809 790 872 Praelati
814 809 967 891 depositio
990 809 1029 872 ud
1061 813 1178 894 Papam

184 909 337 984 ‘spectat3
360 904 384 963 si
405 921 469 964 non
491 903 529 963 sit
545 907 720 980 exemptus,
741 898 943 960 consulendae
958 907 1033 960 sunt
1054 899 1180 965 Ordinis

203 992 453 1055 constitutiones.

243 1083 330 1143 lolii.
355 1079 480 1154 Quaerit.
499 1081 532 1142 3⁰
545 1077 623 1152 Quid
638 1073 868 1139 observandum
890 1075 970 1137 sitin
988 1077 1180 1158 superioris-

202 1186 309 1232 sarum
323 1177 352 1230 et
366 1168 604 1230 Abbatissarum
621 1164 807 1228 monialium
823 1163 1002 1226 electione?

243 1257 334 1338 Resp.
351 1255 516 1319 Sichacde
530 1273 564 1318 re
579 1254 732 1336 disposuit
744 1251 974 1328 tridentinum,
991 1271 1066 1314 sess.
1085 1253 1180 1330 XXV,

202 1364 230 1409 c.
251 1351 289 1419 7,
312 1347 354 1407 ne
374 1345 430 1426 res.
450 1365 457 1407 :
485 1367 498 1403 c
520 1343 685 1406 abbatissa
700 1349 730 1402 et
746 1341 904 1413 Priorissa‚
927 1351 958 1402 et
973 1359 1183 1425 quocumque

205 1435 373 1498 onomine
401 1432 584 1496 Praeiecta...
615 1432 749 1512 eligatur
774 1447 837 1492 non
876 1433 994 1492 minor.
1018 1433 1115 1494 annis
1143 1439 1183 1496 to

204 1543 219 1582 a
244 1522 430 1606 (completis,
445 1523 534 1604 iuxta
550 1520 580 1584 S.
598 1519 711 1600 Congr.
723 1518 845 1598 Cone),
862 1527 891 1581 ct
911 1539 981 1598 quaa
998 1529 1071 1582 ueto
1088 1525 1183 1585 annis

204 1633 219 1670 n
244 1619 314 1694 post
343 1629 522 1692 expressam
557 1609 783 1692 professionem
812 1607 1012 1670 laudabiliter
1058 1609 1181 1678 vixerit.

204 1721 219 1760 s
244 1701 365 1776 Quodsi
379 1699 427 1763 his
441 1698 646 1782 qualitatibus
660 1716 724 1760 non
740 1698 914 1778 reperiatur
929 1697 960 1758 in
981 1697 1095 1760 eodem
1111 1719 1183 1764 mo·

204 1812 218 1848 s
244 1789 391 1862 austerio,
408 1787 519 1851 exalia
545 1787 685 1868 ejusdem
697 1785 822 1849 Ordinis
837 1784 907 1864 eligi
931 1786 1038 1865 possit.
1067 1784 1100 1850 Si
1118 1789 1183 1854 lroc

204 1899 219 1936 n
244 1878 338 1940 etiam
359 1876 595 1940 incommodum
619 1875 790 1958 superiori,
807 1875 860 1954 qui
884 1875 1030 1938 electioni
1049 1889 1180 1956 praeest,

204 1988 219 2024 n
244 1965 398 2042 videatur,
415 1967 514 2042 exiis,
533 1966 586 2046 qui
606 1965 638 2026 in
654 1965 764 2026 eodem
780 1965 969 2026 monasterio
986 1983 1108 2026 annum
1121 1971 1173 2030 tri·

204 2076 218 2112 n
244 2055 399 2134 gesimum
419 2056 625 2129 excesserint,
648 2061 679 2115 et
701 2052 844 2134 quinque
867 2052 977 2114 saltem
995 2053 1089 2115 annis
1110 2069 1182 2135 post

204 2165 219 2202 n
246 2141 471 2224 professionem
487 2149 570 2206 recte
585 2142 739 2217 vixerint,
763 2141 917 2222 Episcopo
933 2142 982 2204 vel
999 2143 1066 2204 alio'
1085 2159 1180 2228 uipe-

206 2253 220 2289 υ
246 2231 327 2293 riore
342 2235 571 2308 consentiente,
589 2232 773 2308 eligatur...
795 2251 810 2288 n
886 2308 890 2314 .,

244 2321 260 2381 J
264 2339 318 2382 ure
331 2320 492 2383 communi
509 2321 618 2383 electio
630 2319 849 2400 Superiorissa
865 2317 903 2382 ad
916 2321 1072 2385 moniales
1084 2327 1181 2406 perti-

204 2417 269 2472 net.
286 2409 380 2472 Porro
405 2409 562 2473 electrices
576 2407 692 2470 debent
714 2411 744 2469 l·
758 2425 823 2478 esse
839 2408 1005 2487 proi'essae,
1022 2415 1056 2472 2⁰
1072 2415 1181 2494 exple.

203 2499 285 2562 visse
300 2497 408 2560 saitem
432 2515 552 2560 annum
569 2497 795 2560 duodecimum
818 2494 893 2578 (imo
909 2497 1001 2559 hodie
1017 2499 1180 2566 decimum

203 2594 325 2650 sextum
344 2586 439 2670 [969],
465 2591 499 2651 3⁰
514 2604 577 2650 non
597 2585 713 2648 debent
733 2604 798 2648 esse
819 2589 1111 2667 excommunicatae,
1129 2595 1180 2655 in·

203 2675 355 2750 terdictae,
380 2685 432 2738 aut
450 2693 526 2739 voce
540 2675 640 2738 activa
664 2674 812 2756 privatae,
828 2675 862 2736 lt⁰
878 2675 932 2736 eni
948 2693 1111 2744 conversae
1133 2701 1168 2746 so

203 2763 349 2828 lemniter
364 2764 510 2846 proiessae
531 2763 715 2843 suffragium
732 2772 879 2845 proestare
894 2765 1032 2840 valeant,
1050 2769 1179 2833 excludi

204 2861 307 2916 tamen
324 2863 454 2935 possunt
471 2853 510 2916 ab
525 2853 585 2916 hac
600 2851 759 2916 facultate.
776 2853 912 2916 lufirmae
934 2865 1069 2934 possunt
1084 2877 1180 2924 suum

203 2951 313 3005 votum
329 2945 450 3006 mittere
465 2943 631 3024 scriptum,
648 2960 706 3004 suo
721 2942 824 3021 sigillo
840 2944 1011 3007 munitum.

244 3031 367 3094 Secreta
382 3031 497 3094 debent
509 3050 576 3094 esse
591 3041 674 3108 vota,
690 3031 774 3092 unde
788 3049 844 3093 nec
859 3052 913 3113 per
928 3036 1177 3117 compromissum,

202 3139 260 3184 nee
273 3139 329 3200 per
343 3121 672 3202 quasi-inspirationem
683 3119 893 3200 Superiorissa
910 3131 956 3182 est
968 3123 1126 3202 eligenda.
1223 3115 1228 3122 ’

246 3208 357 3269 Praeter
376 3209 490 3270 dotesa
506 3209 689 3272 Tridentino
703 3211 880 3290 requisitas,
894 3208 1107 3291 Superiorissa
1120 3216 1170 3278 de-

203 3295 256 3358 bet
270 3314 342 3372 essa¹
352 3297 500 3376 legitima,
515 3298 575 3360 nisi
589 3316 606 3359 a
622 3297 653 3360 S.
674 3298 822 3360 Pontificc
837 3297 1104 3379 dispensationem
1120 3304 1177 3366 ob·

204 3385 319 3459 tineat;
336 3405 393 3448 nec
413 3387 557 3466 eligenda
570 3395 616 3448 est
630 3398 792 3468 corrupta,
815 3406 915 3468 nequa
933 3387 1059 3467 publice
1076 3395 1175 3472 poeni·

203 3471 348 3548 tontiata,
369 3495 470 3558 neque
488 3475 595 3545 vidua,
612 3493 668 3536 nce
684 3493 779 3554 coeca,
798 3495 854 3538 nec
874 3476 989 3550 surda,
1015 3497 1074 3541 nec
1087 3483 1173 3546 tertia

203 3577 312 3637 soror,
342 3565 521 3627 viventibus
542 3562 665 3628 duabus
693 3561 762 3626 aliis
786 3563 817 3628 S.
845 3563 878 3628 C.
909 3583 957 3646 ap.
990 3565 1112 3644 Bouix,
1134 3569 1176 3634 lie

202 3651 299 3730 requi.
318 3661 340 3712 t.
358 3652 387 3724 2,
406 3673 434 3732 p.
452 3652 521 3714 lau.

240 3737 346 3811 Quoad
366 3741 576 3820 praepositurae
590 3739 811 3819 durationem,
833 3743 1090 3821 constitutiones,
1109 3743 1154 3814 sat

202 3834 263 3889 tem
279 3839 366 3891 extra
382 3829 514 3900 ltaliam,
529 3837 603 3891 sunt
616 3829 828 3894 consulendae.
