2552 4204
190 257 258 318 '726
475 266 624 310 atuusnra
644 263 726 310 tuuis
746 263 893 310 aaronica.

200 385 346 452 personas
360 365 461 428 allicit.
484 363 588 426 Differt
602 372 705 426 autern
719 364 814 426 locale
835 366 854 426 a
873 365 1025 445 personali
1050 365 1135 446 qudd
1148 366 1179 428 in

200 458 253 520 illo
267 463 328 519 tam
343 455 494 536 indigenae
509 455 600 534 quarn
615 453 793 533 alienigenae
807 459 969 516 teneamur
983 472 1016 516 se
1029 454 1181 517 abstinere

197 545 325 608 usseris
339 543 456 616 ciliciis,
474 559 535 604 non
552 542 687 604 absolute
700 541 835 624 quidem,
852 541 906 603 sed
920 541 1040 604 tanlirtn
1056 542 1181 624 quando
1260 568 1261 604 t

176 659 188 712 a,
201 635 394 716 reperiuntur
407 633 438 694 in
451 631 517 693 loeo
532 630 707 704 interdicto,
724 630 760 691 iis
773 637 876 692 tamen
891 631 1024 712 exceptis
1036 633 1091 710 qui
1106 650 1181 694 cau·

197 741 266 786 sam
287 721 446 785 interdicto
456 719 617 795 dederunt,
633 737 705 780 narn
719 725 788 781 sum
802 720 1002 801 personaliter
1015 717 1180 789 interdicti.

199 818 233 874 et
247 811 293 874 isli
309 817 450 874 tenemur
466 809 578 889 ubique
593 807 789 870 interdictum
805 807 974 870 observare.

242 901 355 980 lterum
376 915 582 990 interdictum,
596 917 657 976 ltm
675 914 769 977 locale
792 915 886 996 quarn
905 913 1078 996 personale,
1105 914 1183 976 divi·

198 1005 283 1068 ditur
297 1006 329 1067 in
344 1003 484 1086 generale
496 1012 525 1066 et
537 1003 717 1085 particulare
731 1023 738 1064 :
754 1002 889 1085 penerule
903 1009 947 1064 est
957 1003 1083 1084 quando
1099 1004 1184 1067 locus
1261 1013 1262 1018 ’

201 1094 364 1176 generalis,
380 1113 407 1154 v.
424 1113 467 1172 g„
484 1099 544 1155 tota
560 1093 643 1174 regio
655 1140 663 1167 ,
677 1098 738 1154 tuta
752 1092 955 1154 cornrnunitas
973 1091 1182 1167 interdicitur;

197 1181 386 1264 particulare
398 1190 442 1242 est
457 1180 579 1261 quando
595 1181 679 1242 locus
692 1181 737 1242 vel
753 1197 883 1263 persona
896 1179 1115 1254 determinata,
1135 1187 1184 1243 aut

201 1287 342 1351 personae
356 1270 386 1330 in
397 1268 551 1332 individuo
565 1269 801 1332 interdicuntur.
1262 1281 1263 1286 ’

244 1379 318 1446 ltern
342 1375 534 1438 interdictum
552 1383 598 1438 est
618 1375 803 1457 completum
824 1375 870 1438 vel
895 1393 951 1457 pro
974 1380 1082 1455 purte:
1099 1376 1184 1457 prids

79 1539 82 1552 ¹
202 1483 312 1527 omnes
325 1463 448 1527 effectus
462 1464 620 1527 interdicto
631 1465 768 1550 proprios
779 1461 1018 1546 comprehendit;
1031 1465 1184 1544 posteritas

200 1553 353 1634 quosdam
367 1554 467 1616 solum
486 1553 564 1614 illius
579 1552 704 1615 effectus
722 1553 877 1634 producit,
893 1559 983 1633 prout
997 1558 1077 1614 esset
1098 1572 1127 1616 v.
1153 1573 1181 1635 g.

202 1639 396 1705 interdictum
411 1642 449 1704 ab
462 1641 657 1704 ecclesiastici
670 1639 848 1723 sepultum,
863 1639 910 1703 vel
930 1639 1126 1703 interdictum
1147 1643 1184 1702 ab

206 1731 339 1812 inpressu
349 1731 489 1793 ecclesio.

246 1838 373 1910 Quando
388 1837 578 1900 interdictum
602 1837 697 1900 lemur
717 1837 783 1900 sind
801 1835 918 1907 addito,
941 1835 1067 1917 intelligi
1093 1837 1184 1898 debat

205 1925 242 1989 de
255 1928 415 1989 interdicto
426 1927 576 2006 completo
590 1945 598 1987 :
610 1926 635 1987 si
647 1924 839 1988 interdictum
851 1923 979 2006 speciale
994 1924 1059 1986 sita
1072 1924 1184 1988 divinis
1264 1977 1265 1982 ,

201 2021 234 2077 ct
249 2023 353 2077 contra
369 2015 494 2076 clericos
509 2013 619 2076 feratur
633 2014 714 2075 idern
729 2021 774 2076 est
787 2032 823 2076 ac
837 2011 1005 2096 suspensio.

246 2120 407 2181 interdicta
433 2119 565 2196 civitate,
590 2117 811 2180 interdicuntur
835 2137 897 2180 uon
918 2119 1017 2181 solum
1036 2120 1183 2184 suburbia

206 2208 258 2271 sod
278 2208 366 2268 etiam
382 2207 564 2268 monasteria
577 2211 805 2287 exemplorum,
826 2216 856 2270 et
876 2209 1012 2290 ipsorum
1032 2208 1182 2288 ecclesie,

207 2295 339 2376 alioquin
355 2294 548 2357 interdictum
563 2294 646 2356 lieret
660 2295 841 2358 illusorium.
855 2295 1052 2357 interdictum
1075 2295 1182 2380 hujus·
1265 2311 1266 2326 ¹

203 2384 288 2447 modi
301 2401 418 2446 servare
431 2389 573 2446 tenentur
586 2383 686 2446 clerici
701 2390 731 2446 et
745 2383 918 2466 regulares,
931 2384 994 2448 inid
1007 2391 1038 2446 et
1058 2382 1181 2466 Episco-

202 2492 264 2554 pus
278 2474 294 2534 d
309 2491 371 2554 quo
385 2472 441 2534 luit
455 2473 583 2535 illalum.

201 2607 204 2614 ⁴
247 2583 387 2642 Attamen
409 2579 578 2660 regulareS,
599 2586 734 2660 tempore
754 2577 906 2641 interdicti
924 2579 1097 2658 goniei-atis,
1114 2599 1181 2661 pos·

200 2676 277 2732 :sum
288 2670 319 2730 in
333 2669 394 2730 suis
407 2668 598 2730 aionasteriis
608 2668 709 2730 divina
723 2686 878 2749 peragere,
889 2673 978 2748 prout
989 2666 1090 2730 officia
1105 2671 1180 2732 reci·

202 2763 288 2833 xtare,
303 2758 409 2818 missas
423 2755 592 2832 celebrare,
608 2762 665 2819 eto.
685 2775 692 2816 :
709 2756 858 2818 submissa
869 2763 972 2817 tamen
985 2774 1072 2832 voce,
1081 2759 1181 2836 januis

207 2847 329 2924 clausis,
342 2847 409 2909 sine
422 2863 501 2908 sonu
515 2864 670 2926 campanae
685 2852 714 2907 et
732 2845 862 2907 exclusis
882 2843 1064 2907 nominatim
1087 2847 1180 2909 inter·

200 2931 295 2998 dictis
315 2934 361 2998 vel
379 2935 432 3015 qui
456 2951 578 2997 causam
593 2933 752 2996 interdicto
766 2933 930 3010 dederunt,
948 2937 982 2996 ut
1001 2951 1180 2998 conoessum

207 3025 303 3088 luitin
317 3042 344 3086 c.
361 3023 465 3099 Alma,
480 3023 524 3084 De
536 3030 658 3084 sentent.
675 3042 815 3084 excomm.
837 3021 870 3083 iu
888 3025 938 3098 6⁰;
960 3021 1033 3084 item
1056 3033 1180 3104 possum

207 3111 426 3176 Euclraristiam
441 3117 472 3170 et
493 3110 866 3174 Extremam-Unctionem
887 3110 1056 3191 suscipere,
1076 3114 1180 3176 missas

206 3201 329 3274 audire,
344 3206 373 3258 el
387 3199 424 3259 ad
439 3197 505 3260 haec
520 3205 646 3278 possunt
660 3198 817 3262 admittere
836 3199 1009 3262 monasterii
1032 3198 1178 3276 famulos,

208 3294 440 3369 procuratores,
468 3287 622 3366 operarios
646 3305 708 3348 non
737 3289 905 3369 specialiter
931 3287 1119 3352 interdictos.
1146 3291 1180 3349 Et

206 3376 297 3437 etiam
313 3382 441 3457 possunt
455 3376 575 3456 publice
589 3375 742 3438 celebrare
757 3379 789 3437 in
802 3376 883 3438 lestis
895 3375 1058 3454 Paschatis,
1074 3376 1178 3440 Pente-

207 3465 434 3540 cosles,Natalis
443 3465 574 3538 Domini,
587 3465 808 3544 Assumptionis
819 3467 853 3528 B.
866 3466 919 3540 M„
929 3466 982 3528 SS.
994 3465 1178 3528 Sacramenti

201 3561 238 3614 et
252 3553 346 3633 ipsius
360 3560 482 3629 octavas,
499 3552 722 3632 Conceptionis,
738 3553 984 3616 denuntiationis
997 3561 1029 3614 et
1041 3555 1178 3616 Nativita-

208 3641 244 3701 tis
260 3642 292 3701 ll.
311 3643 364 3717 lll.,
381 3643 434 3704 SS.
455 3641 633 3704 Titulariunt
653 3640 794 3704 Eoolesiae
809 3649 839 3704 et
862 3645 1042 3704 Sanctorum
1067 3641 1178 3724 proprii

203 3729 345 3806 Ordinis,
361 3730 392 3790 in
411 3729 493 3792 lestis
513 3730 773 3810 Circumcisionis,
790 3730 984 3812 Epiphania,
1001 3731 1055 3794 SS.
1078 3731 1176 3794 Triui-
