2604 4196
397 305 399 310 ,
455 253 541 301 uinea
562 256 720 317 sncunnus.
1018 250 1079 308 5:³9

95 351 291 432 impositione
317 354 422 415 Crucis
456 353 718 435 proficiscentibus
748 356 778 417 in
808 353 977 417 subsidium
1007 354 1080 418 fidei

93 440 267 503 christianae
283 461 291 502 :
308 442 475 504 notandum
490 445 570 524 qudd
586 445 608 505 si
624 463 697 506 crux
712 444 819 506 babeat
833 443 962 525 effigiem
977 444 1075 506 cruci·

94 528 163 607 fixi,
180 529 352 592 adhibenda
366 537 410 592 est
424 531 593 594 benedictio
607 551 663 613 pro
680 533 874 614 imaginibus.
892 567 932 578 -
945 533 1072 607 Cruccs',

94 618 186 679 etiam
201 617 341 680 altarium
356 625 387 680 et
400 621 641 700 processionum,
654 640 715 682 non
730 629 801 683 sunt
814 619 1074 683 benedicendaede

93 714 247 788 praecepto
262 707 306 788 (S.
329 710 365 770 tt.
381 709 428 783 6.,
446 713 483 770 lh
495 709 561 787 julii
580 715 676 788 troi,
694 720 727 771 n⁰
742 710 855 791 3548);
871 709 951 770 idem
966 709 1072 772 dicen'-

94 795 167 858 dum
182 795 301 859 videtur
314 797 353 859 de
366 797 565 879 imaginibus,
582 801 635 861 etsi
652 800 775 880 quidam
791 815 879 861 secus
893 798 1031 860 sentiant.

133 887 227 948 Sacra
241 886 298 948 uit.
312 887 461 968 congreg.
476 886 655 962 declaravit,
673 893 710 950 ro
727 887 796 950 maii
812 890 901 964 llll,
924 895 959 947 n⁰
972 888 1069 960 tutu,

93 979 110 1036 5
125 979 155 1037 et
169 978 201 1050 6,
218 975 421 1055 Episcopum,
438 977 552 1037 utendo
573 973 726 1038 ordinarit
747 976 906 1050 facultate,
922 974 987 1036 aliis
1010 983 1071 1036 hon

94 1083 182 1144 posse
197 1063 337 1143 delegare
352 1070 528 1144 potestatem
544 1065 742 1128 benedicendi
757 1083 921 1148 campanus
942 1064 1008 1127 sine
1022 1066 1069 1125 ln·

93 1152 376 1232 dultoApostolico.
935 1165 937 1174 ·

132 1239 267 1304 Secundi
275 1239 470 1321 pencrissunt
479 1242 703 1304 benedictiones
719 1244 852 1323 primarii
864 1241 1070 1324 lapidiscccle-
1160 1245 1163 1256 ‘

93 1333 146 1392 siae
159 1330 363 1407 aedilicandae,
380 1349 463 1391 novae
478 1331 613 1394 ecclcsiae
633 1351 687 1394 seu
711 1332 836 1394 Oratorii
852 1331 985 1413 publici,
1003 1331 1070 1393 nori

93 1420 281 1494 coemeterii,
310 1419 513 1481 reconciliatio
540 1422 674 1482 ccclesiae
703 1421 839 1483 nondum
866 1425 1069 1494 consecrate,

94 1510 137 1570 rel
153 1509 321 1570 coemeterii
333 1509 433 1570 violati
446 1529 453 1568 :
467 1517 583 1570 certum
598 1511 733 1571 estenim
745 1511 940 1592 Episcopum,
951 1516 980 1570 et
990 1509 1070 1570 idem

93 1599 258 1661 dicendum
268 1615 334 1659 esse
346 1597 464 1659 uidetur
479 1598 517 1659 de
531 1599 650 1660 Vicario
660 1599 834 1680 Capitnlari,
846 1599 923 1659 Sede
935 1605 1068 1671 vacante,

93 1705 181 1768 posse
195 1705 252 1749 suo
262 1688 332 1766 jure
346 1685 484 1767 delegare
499 1689 685 1749 sacerdotem
710 1687 747 1748 ad
772 1687 825 1748 has
845 1686 1070 1747 henedictiones

93 1777 138 1838 rcl
151 1775 414 1840 reconciliationes
427 1773 597 1852 iaciendas,
618 1778 688 1838 clun
703 1775 878 1854 hujusmodi
900 1774 1025 1836 incultas
1040 1775 1069 1834 in

93 1865 203 1929 llituali
217 1866 415 1946 exprimetur.

134 1954 257 2017 Rituole
282 1955 465 2031 Romanum,
482 1955 679 2036 exequiarum
707 1953 845 2016 ordinem
871 1951 1068 2034 exponendo,

92 2046 237 2126 supponit
251 2043 333 2124 qudd
348 2044 510 2126 aliquando
524 2043 718 2126 sepulchrum
735 2062 797 2106 non
812 2042 851 2104 sit
864 2040 1069 2119 benedictum,

92 2142 120 2196 ct
133 2133 299 2196 formulam
314 2132 405 2194 refert
419 2148 474 2214 pro
489 2133 568 2195 illius
585 2133 794 2194 benedictione
811 2151 818 2192 :
835 2131 925 2212 porrd
940 2130 978 2190 ad
993 2129 1070 2192 hanc

92 2223 334 2286 benedictionem
347 2222 429 2284 nulla
440 2223 603 2304 requiritur
615 2222 778 2302 delegatio,
791 2221 917 2301 licrique
926 2224 1023 2300 potest
1032 2220 1069 2280 ab

92 2315 175 2375 omni
191 2312 347 2375 sacerdote
361 2311 494 2374 officium
514 2313 676 2393 sepulturae
688 2316 861 2392 peragente.

128 2409 200 2468 704.
228 2401 302 2464 elie
317 2401 561 2476 benedictiones,
576 2421 645 2482 quae
658 2401 688 2461 in
705 2400 826 2462 Misscli
840 2404 870 2460 et
883 2397 1003 2460 Ib'tuoli
1015 2397 1066 2458 ha-

93 2494 201 2556 bentur
214 2541 222 2566 ,
234 2493 251 2552 h
265 2490 476 2552 benedictione
500 2509 587 2571 aquae
610 2509 706 2571 usque
728 2490 766 2550 sd
789 2487 1018 2550 benedictiones
1032 2488 1068 2546 ab

92 2582 250 2665 Episcopis
263 2587 314 2641 aut
328 2579 394 2641 aliis
405 2578 577 2641 facultatem
592 2579 771 2640 habentibus
785 2575 955 2652 faciendas,
969 2575 985 2635 a
1001 2574 1070 2635 sim·

93 2673 160 2752 plici
179 2669 336 2734 sacerdote
355 2668 420 2730 lieri
435 2675 562 2750 possunt
578 2669 691 2750 absque
706 2667 895 2749 delegatione
910 2664 1067 2746 Episcopi;

92 2769 224 2825 attamen
240 2761 271 2820 in
285 2758 361 2820 duas
372 2757 471 2820 adhuc
486 2759 602 2838 species
616 2758 792 2820 dividuntur
808 2777 815 2817 :
833 2755 899 2817 aliae
919 2773 986 2835 quae
1000 2761 1070 2814 sunt

92 2851 129 2914 de
138 2852 210 2933 iure
225 2847 358 2931 parochi,
371 2853 401 2909 et
411 2847 523 2909 abaliis
533 2847 737 2909 sacerdotibus
752 2851 907 2926 nequeunt
922 2843 1068 2922 impendi,

93 2942 147 3003 nisi
168 2959 208 3004 ex
231 2937 351 3001 licentia
375 2943 426 2999 aul
445 2955 596 2999 consensu
613 2935 756 3016 parochi;
772 2935 846 2994 tales
862 2935 933 2994 sunt
949 2949 956 2992 :
974 2931 1069 2992 bene-

92 3031 180 3094 dictio
205 3028 368 3090 domorum
387 3026 418 3087 in
442 3026 571 3088 Sabbato
597 3026 708 3086 Sancto
730 3023 810 3105 (quae
826 3021 901 3083 liunt
916 3024 999 3082 extra
1014 3019 1070 3082 hoc

94 3129 223 3202 tempus,
240 3135 301 3178 nou
312 3117 389 3178 bene
403 3121 519 3178 constat
531 3105 594 3175 esse
607 3114 645 3175 de
655 3115 723 3192 jure
736 3109 885 3194 parochi);
900 3109 1070 3171 benedictio

94 3208 266 3272 communis
287 3225 378 3288 super
400 3205 502 3285 fruges
516 3204 605 3265 etiam
621 3221 782 3283 agrorum,
799 3202 906 3262 saltem
921 3202 943 3260 si
960 3200 1069 3261 solem·

95 3301 170 3362 niter
189 3298 242 3360 liat
266 3295 310 3378 (S.
327 3299 363 3357 u.
386 3297 431 3364 6.,
449 3299 467 3356 5
482 3300 541 3356 oct.
566 3297 643 3355 totto
658 3300 686 3354 et
703 3295 722 3355 9
738 3292 807 3352 maii
824 3289 925 3373 1705).
944 3323 981 3336 —
998 3290 1070 3352 hliae

94 3390 161 3452 iero
175 3406 247 3468 quae
262 3404 324 3447 non
340 3383 462 3448 suntde
484 3383 604 3462 iuribus
630 3383 713 3443 mere
738 3379 959 3460 parochialibus
982 3387 1072 3459 prout

94 3496 192 3560 aquae,
204 3476 287 3557 agni,
299 3493 441 3548 ovorum,
452 3473 550 3555 panis,
564 3489 710 3533 nouorum
724 3469 878 3532 fructuum
893 3487 927 3530 ac
940 3468 1071 3547 cujusvis

96 3565 307 3640 comestibilis,
330 3562 543 3638 candelarum,
568 3558 778 3635 loci,domt1s
803 3575 907 3635 novae,
932 3555 1069 3627 thalami,

96 3674 179 3720 nouae
195 3655 297 3730 navis,
313 3652 561 3736 peregrinorum,
585 3658 614 3712 et
634 3648 700 3710 aliae
723 3643 873 3729 simplices
893 3646 908 3706 :⁴
921 3663 989 3726 quac
1009 3643 1070 3704 lieri

96 3753 220 3826 possunt
232 3747 251 3808 h
261 3743 396 3827 quolibet
405 3740 559 3804 sacerdote
573 3745 603 3802 et
615 3756 809 3820 quocumque
822 3743 958 3878 temppre
979 3731 1022 3812 (S.
1035 3733 1067 3789 R.

171 3849 197 3890 Ψ.
217 3851 242 3887 tt
