2552 4204
207 208 266 290 ua
407 236 410 242 ·
481 237 633 282 clausura
655 235 736 279 auars
758 235 904 282 cruorum.

246 334 533 398 Excommunicatus
552 353 612 396 nnn
628 333 699 395 facit
719 351 789 396 suos
802 331 916 396 fructus
929 332 1086 411 beneiicii,
1102 341 1181 402 tem·

212 443 281 507 pore
295 423 616 486 excommunicationis
630 430 801 503 perceptos,
824 422 940 482 etiamsi
961 432 1067 502 postea
1085 425 1182 487 absol·

176 579 177 582 ,
212 519 313 589 vatur3
330 512 457 593 proinde
474 517 595 573 tenetur
616 512 682 573 illos
704 511 860 572 restituere
876 517 946 571 ante
964 529 1092 574 omnem
1113 533 1183 576 sen-

211 603 332 664 tentiam
346 601 425 682 (vide
436 619 501 681 cap.
519 599 711 672 Postulustis
726 601 769 660 lle
781 599 889 660 clerico
899 603 1144 684 exconmunis).
1156 603 1184 665 Si

174 681 179 702 ²
211 694 311 751 tamen
334 707 387 770 per
405 707 437 750 se
459 689 505 750 vel
524 707 578 768 per
596 690 670 750 alios
683 687 865 751 satisfaceret
882 689 998 760 cilicio,
1014 697 1115 770 potest
1136 710 1185 754 eos

209 777 326 840 tructus
339 779 486 854 retinere,
500 777 551 838 ubi
571 777 674 838 saltem
694 795 755 838 non
773 782 818 838 est
837 795 910 840 usus
928 777 1033 858 spolii;
1048 779 1102 840 ubi
1117 781 1186 842 verd

210 865 277 926 talis
292 885 365 928 usus
377 866 472 947 viget,
496 871 592 946 potest
610 866 709 926 solum
724 865 852 926 retinere
867 864 980 928 fructus
1000 884 1185 945 correspon-

210 952 316 1014 dentes
325 953 443 1016 servitio
452 953 595 1034 praestito,
605 961 633 1014 et
643 953 667 1015 si
678 953 766 1015 fuerit
777 954 807 1013 in
819 953 898 1014 bont
909 952 978 1019 tide.
991 955 1186 1034 probabiliter

211 1048 308 1120 potest
319 1041 447 1103 retinere
459 1043 549 1103 etiam
562 1042 675 1103 tructus
685 1041 954 1122 correspondentes
966 1060 1029 1104 suae
1040 1062 1185 1124 congrua

211 1130 417 1192 sustentationi
433 1149 488 1212 pro
503 1137 637 1211 tempore
649 1130 770 1192 servitii.
1001 1146 1002 1151 ¹

252 1219 354 1291 Quoad
378 1227 478 1280 autem
500 1218 647 1280 beneficia
667 1219 789 1280 obtenta
811 1223 881 1280 ante
894 1219 1183 1283 excommunicatio-

189 1325 297 1378 -uem,
325 1306 492 1387 disputatur
513 1325 553 1368 an
577 1307 855 1369 excommunicatus
880 1309 1014 1389 privetur
1039 1309 1185 1372 fructibus

117 1461 119 1467 A
210 1395 383 1475 hujusmodi
397 1395 614 1464 beneficiorum
635 1401 704 1457 ante
727 1396 927 1472 sententiam,
947 1397 1064 1458 etiamsi
1085 1417 1140 1478 per
1153 1419 1185 1462 se

210 1492 261 1546 aut
284 1503 339 1564 per
364 1484 438 1546 alios
459 1483 591 1546 officium
614 1484 782 1564 impleverit
802 1503 809 1544 :
829 1484 1013 1568 probabilius
1037 1493 1183 1566 negatum

211 1578 330 1634 tenetur
356 1580 456 1635 autem
489 1573 555 1634 illos
584 1573 739 1634 restituere
762 1579 829 1652 post
851 1573 960 1634 dictam
984 1576 1183 1652 seutentiam,

134 1662 137 1665 ’
208 1661 326 1722 etiamsi
341 1679 396 1742 per
407 1661 492 1724 illum
503 1679 565 1722 non
578 1667 634 1722 stet
643 1660 807 1742 quominus
818 1660 997 1738 absolvatur,
1009 1662 1067 1723 nisi
1081 1669 1184 1727 tamen

207 1755 289 1810 esset
301 1767 426 1830 pauper.

250 1839 298 1900 Vl.
320 1837 417 1898 Privat
431 1835 705 1899 communicatione
719 1836 830 1898 forensi
845 1856 854 1899 τ
869 1837 951 1899 unde
965 1837 1182 1904 excommuni-

210 1933 294 1986 catus
309 1926 413 2005 nequit
425 1943 489 1986 esse
500 1924 603 2006 judex,
619 1924 800 2002 advocatus,
815 1932 1011 2006 procuratum
1028 1935 1127 2008 potest
1139 1937 1182 1993 ta-

209 2031 280 2074 men
301 2012 484 2092 respondere
508 2031 562 2092 pro
576 2013 752 2091 semetipso,
768 2020 797 2074 et
811 2013 903 2075 alium
920 2020 1052 2076 actorem
1073 2037 1182 2082 recon-

210 2101 326 2175 venire,
343 2101 480 2181 quamvis
494 2119 548 2182 per
561 2101 653 2163 alium
666 2108 765 2182 posset
778 2101 937 2163 commode
951 2121 983 2164 se
997 2104 1085 2166 tueri.

248 2193 315 2251 Nou
330 2193 427 2272 potest
447 2207 512 2251 esse
530 2198 629 2265 actor,
648 2189 782 2265 tabellio,
806 2190 906 2266 testis,
929 2195 1004 2266 etc.;
1030 2193 1055 2254 si
1076 2201 1180 2259 tamen

209 2285 286 2340 esset
298 2284 394 2349 actor,
409 2277 504 2339 valide
518 2283 619 2358 ageret
632 2275 730 2338 donec
743 2277 936 2357 repelleretur
951 2277 1030 2360 (cap.
1047 2283 1120 2356 Pia,
1137 2285 1181 2346 Be

209 2363 333 2448 recept,
350 2366 382 2428 iv
395 2369 449 2444 6⁰).

130 2523 134 2534 ,
247 2458 316 2518 847.
336 2489 377 2501 -
396 2457 458 2516 Vll.
484 2451 769 2514 Excommunicatus
791 2472 852 2516 nou
876 2456 1017 2520 toleratus
1039 2453 1176 2540 privatur

209 2562 265 2606 usu
273 2542 490 2622 jurisdictionis
496 2561 506 2616 ;
516 2539 597 2602 unde
608 2559 668 2601 non
680 2547 777 2620 potest
789 2543 884 2605 validd
897 2543 1178 2627 eligere,conferre,

209 2638 410 2711 praesentare,
426 2630 504 2691 terre
525 2629 629 2710 leges,
644 2629 689 2689 vel
708 2629 936 2705 sententiam3et
957 2633 1105 2698 electores
1126 2637 1177 2717 qui

208 2719 337 2789 scienter
346 2717 605 2780 admittuuttalem
616 2715 776 2778 electorem
788 2721 1177 2797 excommunicatumelec·

208 2806 320 2869 tionem
335 2825 372 2868 eo
387 2805 452 2887 ipso
467 2804 595 2879 irritant,
611 2803 727 2866 etiamsi
737 2803 912 2885 suffragium
922 2810 1176 2874 excommunicati

207 2895 280 2956 nibil
294 2894 443 2958 conterret
456 2892 493 2954 ed
510 2891 705 2967 electionem,
720 2891 773 2952 sed
790 2891 849 2955 hoc
869 2911 931 2956 non
952 2901 997 2956 est
1016 2897 1175 2978 applican-

207 2983 281 3049 dum
293 2981 430 3045 electioni
443 2981 541 3058 Papae.
794 2983 798 2991 '

245 3073 322 3133 Item
335 3065 608 3132 excommunicatio
618 3065 713 3127 irritat
725 3066 815 3147 pleno
825 3067 893 3147 jure
907 3070 1032 3150 quodvis
1044 3073 1175 3155 rescrip-

207 3166 271 3221 tum
286 3159 387 3239 gratiae
399 3154 443 3216 vel
455 3153 576 3234 justitiae
589 3155 606 3214 a
621 3153 651 3216 S.
660 3155 737 3216 Sede
752 3163 815 3235 post
828 3158 1174 3224 excommunicationem

205 3260 403 3316 concessum
417 3241 523 3322 excipe
541 3241 717 3322 rescriptum
735 3242 856 3322 iustitiae
877 3263 932 3324 pro
951 3249 1041 3308 causa
1060 3248 1171 3328 ipsius-

207 3340 269 3396 met
290 3329 610 3416 excommuoicationis
633 3347 702 3410 quae
727 3329 779 3393 tali
801 3332 945 3414 rescripto
967 3332 1070 3396 locum
1092 3335 1173 3398 dedit

207 3420 288 3502 (cap.
302 3419 372 3501 Ipso
377 3420 450 3500 jure
465 3420 493 3487 l.
506 3417 551 3479 De
564 3417 733 3500 rescriptis,
753 3418 784 3480 in
803 3421 851 3491 a·;
871 3437 937 3501 cap.
961 3419 1095 3484 Dilectus
1114 3427 1170 3500 26,

206 3509 251 3574 De
263 3508 422 3589 rescript).
439 3505 497 3567 Sed
511 3505 601 3588 Papa,
616 3501 809 3568 concedendo
827 3505 915 3569 alicui
937 3509 1077 3588 gratiam,
1098 3511 1171 3574 solet

206 3614 277 3682 eum
291 3596 443 3658 absolvere
456 3593 620 3655 icensuris
632 3593 672 3656 cb
685 3593 890 3674 consitutum
903 3595 980 3658 toret
990 3614 1169 3661 concessum

206 3683 401 3746 beneficium.
