2574 4198
378 238 381 243 ·
456 221 542 264 ercan
562 219 720 270 sccundus,
774 245 776 250 ,
1011 207 1073 267 623

90 323 319 402 locutionesque
340 317 469 381 faciendi
485 337 494 394 ;
515 336 579 379 uno
597 317 689 379 verbo
702 335 810 379 omues
825 325 908 380 actus
922 317 1068 380 adminis-

90 411 229 475 trationis
242 408 451 483 Fabricarum,
472 407 672 485 explanantur
685 408 701 466 a
715 406 802 468 variis
823 407 997 469 auctoribus
1018 408 1074 489 qui

88 503 169 563 circa
183 498 405 580 legislationem
419 495 594 576 hujusmodi
609 495 672 555 solt
686 494 860 556 auctoritate
876 495 954 556 civili
972 496 1070 583 sanci-

89 598 173 664 tam,
195 587 263 649 fuse
282 585 489 665 scripserunt,
505 584 583 644 inter
597 602 675 664 quos
690 585 752 644 DD.
772 583 851 644 altre
865 583 896 644 in
911 603 966 646 sno
979 603 1072 665 opere

91 677 197 739 Truite'
218 675 255 736 de
275 673 468 735 l’udministn
493 680 617 754 tempor.
640 671 688 734 dea
704 673 871 752 percisum
898 673 1017 734 Dieulin
1040 673 1073 736 in

88 783 182 846 opere
201 761 300 829 Guide
313 761 362 824 des
375 763 476 836 cure's;
499 767 529 822 et
543 763 709 841 pracsertim
731 759 901 821 redactores
916 761 1006 821 illarii
1024 761 1070 822 cui

90 854 197 915 titulus
217 851 350 913 Journal
367 849 414 912 des
431 847 584 930 fabrique
604 849 741 930 pluribus
762 847 966 910 voluminibus
986 867 1071 909 com-

88 940 247 1022 prehensi.

128 1031 209 1092 Cirm
226 1027 401 1106 hujusmodi
413 1027 583 1109 explanatio
597 1026 727 1087 multum
742 1032 863 1105 tempus
877 1034 1070 1106 exposceret,

89 1127 118 1180 et
133 1136 198 1179 non
212 1119 251 1178 sit
265 1115 421 1196 proprium
438 1116 515 1197 juris
533 1114 672 1178 canonici
688 1115 857 1191 objectum,
879 1115 991 1195 quippe
1010 1123 1070 1177 tota

90 1205 268 1286 huJusmodi
283 1204 428 1284 legislatio
442 1211 487 1265 est
502 1205 602 1284 potins
616 1203 708 1264 civilis
722 1205 816 1284 quam
829 1203 991 1279 canonica,
1007 1204 1075 1264 imd-

91 1295 192 1374 potius
215 1292 443 1366 concanonica,
471 1293 620 1372 quatenus
645 1297 776 1372 potestas
803 1291 954 1353 saecularis
979 1293 1069 1354 inat

90 1388 222 1462 usurpat
240 1380 531 1442 administrationem
552 1399 620 1460 quae
634 1380 671 1440 ad
686 1380 782 1440 solam
796 1381 960 1442 Ecclesiam
977 1382 1067 1461 perti-

90 1477 163 1546 net,
177 1469 249 1530 ided
262 1469 340 1530 hanc
351 1470 508 1530 materiam
523 1469 706 1530 remittimus
719 1467 756 1528 ad
770 1473 908 1530 auctores
922 1471 973 1551 qui
986 1471 1068 1531 illam

89 1577 126 1621 ex
141 1557 280 1640 professo
294 1556 463 1634 elucidant,
480 1558 594 1639 quique
609 1556 714 1618 seduld
728 1563 798 1618 sant
811 1557 934 1637 quidem
947 1559 1064 1620 iuvesti-

89 1647 184 1728 gandi
196 1647 215 1708 a
228 1645 363 1708 clericis:
381 1647 524 1720 nam,etsi
539 1663 647 1727 parum
661 1645 819 1719 canonice,
829 1645 890 1706 imo
903 1645 1066 1710 admodum

88 1733 303 1798 anticanonice
327 1734 421 1796 multa
440 1734 472 1796 in
494 1737 531 1796 et
550 1740 736 1810 statuantur,
761 1734 831 1812 quia
853 1739 955 1794 tamen
978 1734 1074 1794 tristis·
1141 1799 1146 1810 ¹

89 1823 180 1886 nobis
193 1823 272 1885 inest
286 1822 446 1884 necessitas
462 1823 541 1884 hanc
562 1821 780 1902 legislationem
798 1821 965 1894 subeundi,
981 1821 1070 1883 nobis

89 1921 135 1975 est
149 1913 264 1993 pariter
277 1929 356 1992 opus
369 1911 450 1972 illam
472 1911 592 1990 penitius
608 1918 797 1990 perspectam
812 1909 943 1985 habere,
958 1917 1067 1972 utnon

90 2002 159 2082 plus
178 2000 231 2062 liat
248 2017 376 2062 onerosa
396 2003 488 2082 quam
511 2001 612 2061 revera
632 2003 743 2075 exstat,
766 2005 795 2060 et
813 2017 851 2060 ex
867 1999 947 2061 illius
962 2001 1067 2062 notitia

90 2091 181 2152 eliam
202 2107 289 2150 arma
309 2087 490 2169 arripiamus
510 2087 638 2168 quibus,
654 2088 678 2148 si
695 2087 759 2148 fieri
772 2095 886 2168 potest,
904 2089 1073 2169 aliquando-

90 2184 194 2240 contra
227 2177 352 2255 iniustas
375 2177 546 2238 vexationes
574 2182 778 2257 protegamur.
806 2178 868 2238 Etsi
895 2179 978 2239 enirn
1002 2179 1065 2242 haec

89 2266 240 2349 legislatio
250 2284 312 2328 non
327 2265 364 2326 sit
377 2266 533 2341 canonica,
549 2272 647 2344 potest
655 2267 780 2328 tamena
790 2266 906 2328 clericis
917 2267 1068 2329 observari

90 2355 119 2416 in
134 2361 288 2436 quantum
298 2352 403 2414 saltam
418 2355 550 2416 Ecclesia
562 2361 591 2416 et
600 2355 740 2434 Episcopi
751 2355 832 2415 illam
842 2356 990 2432 tolerant;
1004 2358 1066 2419 imd

89 2444 169 2526 sape
182 2442 275 2505 debet
288 2443 375 2504 caute
395 2442 546 2504 observari
568 2461 606 2504 ne
629 2449 713 2505 actus
727 2443 993 2504 administrationis
1007 2447 1066 2506 sint

89 2533 217 2596 civiliter
229 2529 364 2606 invalidi,
380 2538 409 2591 et
424 2531 492 2592 ided
506 2531 597 2592 etiam
612 2549 667 2592 nos
682 2531 768 2611 plura
780 2532 890 2612 passim
905 2541 1016 2613 puncta
1028 2533 1071 2596 de

89 2624 124 2683 et
136 2619 338 2684 delibavimus
351 2626 402 2680 aul
414 2619 573 2687 delibaturi
588 2639 705 2682 sumus.

127 2709 284 2773 Caetcrirm
315 2707 475 2786 relegenda
503 2713 574 2770 sunt
601 2727 669 2788 quae
696 2708 828 2770 diximus
850 2728 939 2789 supra
964 2710 1063 2790 (156,

88 2800 161 2882 elo.)
176 2798 260 2861 circa
274 2795 385 2858 limites
399 2797 556 2878 utriusque
569 2799 724 2876 potestatis
736 2797 898 2875 spiritualis
912 2804 942 2858 et
954 2805 1070 2879 tempo·
1087 2863 1090 2866 ,

87 2889 170 2952 ralia.

508 3047 594 3108 aar.
619 3048 655 3108 ll.

213 3194 254 3242 ur
273 3191 473 3240 surnarronr
493 3191 632 3238 acaunum
652 3187 943 3240 rcerrsmsncoaun.

125 3333 200 3394 lul.
223 3326 316 3389 Licita
330 3324 453 3406 quidem
468 3341 533 3385 esse
547 3329 645 3402 potest
667 3323 807 3384 alienatio
828 3324 977 3387 bonorum
996 3345 1082 3394 mo·1

88 3417 196 3483 billum
211 3434 275 3478 non
289 3415 491 3496 pretiosorum
504 3419 556 3473 aut
569 3413 661 3474 etiam
675 3412 837 3493 aliquando
851 3413 999 3476 bonorum
1015 3417 1064 3478 im·

89 3507 268 3580 mobilium,
284 3503 335 3565 sed
350 3501 529 3582 regulariter
543 3500 730 3561 interdicitur
742 3501 883 3562 omnibus
898 3504 1064 3586 Episcopis,

89 3595 254 3668 Ecclesiis‚
270 3590 434 3671 Capitulis,
454 3587 668 3662 beneficiariis,
690 3590 893 3665 monasteriis,
915 3591 972 3671 piis
993 3593 1067 3654 locis

90 3683 236 3746 bunasua
249 3679 449 3742 ecclesiastica
470 3675 635 3738 immobilia
648 3675 695 3737 vel
711 3679 857 3756 praetiosa,
872 3697 941 3759 quae
956 3681 1064 3742 servari
