2604 4196
210 248 269 308 5l8
487 254 638 300 nuntronio
659 252 740 297 runis
759 251 906 297 carnanter.

211 380 272 423 non
286 366 387 422 autern
401 377 492 438 supra
506 359 603 419 valvas
617 353 762 426 ecclesie,
776 359 827 414 aut
839 352 869 413 in
884 351 951 412 loco
964 349 1075 410 laterali
1092 351 1135 426 (S.
1148 352 1190 411 tt.

212 452 335 528 tlonigr.⁷
351 451 388 508 2⁹2
399 465 484 526 aug„
496 457 530 507 n⁰
540 445 643 526 3376),
654 450 687 506 ut
696 441 898 523 ingredientes
912 439 1066 502 advertant
1081 439 1189 500 locuni

213 537 263 598 ulti
280 537 404 597 adorare
419 534 559 596 debeant.

252 624 358 686 Oleum
372 643 432 703 quo
449 623 578 684 nutritur
593 623 708 701 lampas
721 619 810 680 debet
824 635 889 679 esse
904 635 941 678 ex
959 615 1064 693 olivis,
1083 616 1192 677 saltem

217 715 237 776 si
253 713 355 773 haberi
369 712 463 791 possit
479 758 486 786 ,
503 717 532 771 et
547 709 701 772 facultates
713 711 884 788 suppetant.
912 705 942 766 Si
966 722 1067 778 secus,
1083 704 1188 764 remit-

215 801 337 864 tendum
348 799 515 880 prudentiae
527 800 740 878 episcoporum
755 802 788 856 ut
800 792 953 873 lampades
967 793 1139 853 nutriantur
1153 811 1191 854 ex

214 891 279 951 aliis
288 889 373 964 oleis,
385 888 414 947 in
427 893 576 965 quantuni
588 885 654 947 fieri
666 884 760 965 possit
773 880 967 964 vegetalibus,
981 881 1098 942 censuit
1109 879 1141 943 S.
1151 882 1190 943 n.
1284 913 1285 916 ¹

215 981 247 1040 C.
264 1024 271 1050 ‚
285 980 303 1040 9
313 975 368 1054 jul.
388 979 477 1036 1864.

591 1189 737 1258 CAPUT
764 1189 809 1256 II.

519 1351 569 1396 an
602 1349 877 1395 roent‘ruurtn.
976 1359 978 1366 '

254 1481 505 1544 pertractabimus
516 1481 849 1560 duntaxatquaestiones
858 1479 896 1541 de
906 1479 1094 1544 confessione
1103 1501 1190 1545 com·

214 1571 311 1651 plicis,
328 1571 408 1632 etde
422 1569 613 1632 confessariis
628 1569 665 1629 ad
679 1570 778 1648 turpia
792 1568 1033 1632 sollicitantibus.

637 1717 765 1778 11171.
819 1742 824 1754 a

214 1853 249 1896 nu
272 1852 402 1897 sanciris
422 1853 442 1896 e
463 1851 568 1920 annun..
591 1849 657 1906 niv,
680 1846 766 1892 cinca
788 1848 1005 1895 conuassrouuu
1027 1850 1186 1906 carrucis.

253 1968 323 2026 682.
347 1966 414 2024 Duo
435 1967 561 2024 Decreta
584 1961 677 2023 edidit
701 1962 813 2022 Bened.
841 1963 927 2038 XlV,
953 1965 1080 2023 unuml
1108 1963 1187 2044 junii

215 2055 303 2128 1711,
320 2051 467 2132 incipiens
481 2049 702 2112 Sacramentum
718 2049 920 2126 Paenitentia,
936 2050 1063 2112 alterum
1076 2055 1095 2114 8
1109 2051 1185 2116 febr.

216 2144 304 2217 1715,
317 2141 409 2220 incip.
425 2139 592 2220 Apostollcz'
601 2139 731 2199 muneris
747 2187 754 2212 ,
771 2139 882 2218 quibus
897 2139 1022 2202 sancivit
1034 2141 1186 2204 confessa-

213 2231 291 2290 rium
305 2230 389 2290 omni
404 2247 505 2290 carere
517 2228 726 2309 jurisdictione
736 2227 774 2288 ad
797 2227 1014 2290 absolvendum
1029 2238 1187 2310 peccatum

213 2327 299 2399 turpe
314 2317 471 2396 complicis
485 2323 590 2378 contra
604 2325 723 2378 sextum
736 2316 871 2396 decalogi
884 2324 1083 2399 praeceptum,
1095 2327 1187 2402 atque

213 2406 557 2468 excommunicationem
579 2407 716 2486 papalem
740 2406 893 2467 incurrero
914 2406 939 2468 si
963 2405 1187 2472 confessionem

212 2495 367 2575 complicis
381 2496 508 2576 excipiat
523 2513 532 2568 3
549 2495 697 2575 excipitur
712 2513 799 2556 casus
815 2503 957 2556 extremae
972 2497 1158 2560 necessitatis
1177 2547 1184 2576 ‚

213 2585 358 2645 nimirum
383 2583 498 2644 articulr
516 2583 637 2658 mortis,
662 2583 753 2645 modo
775 2583 894 2646 deficiat
908 2584 1094 2665 quicumque
1109 2586 1185 2649 alius

211 2672 362 2748 sacerdos,
379 2673 469 2732 eliani
486 2691 546 2732 non
560 2671 758 2752 approbatus,
776 2672 828 2752 qui
843 2672 1063 2734 absolutionem
1077 2675 1185 2756 imper-

212 2761 259 2820 tiri
277 2760 381 2840 possit,
398 2759 454 2820 nisi
471 2760 519 2821 ille
543 2760 679 2839 nequiret
692 2761 790 2820 vocari
805 2760 850 2821 vel
865 2761 1007 2822 accedere
1024 2763 1089 2824 sine
1103 2766 1184 2844 grati

211 2849 332 2911 infamia
346 2854 398 2911 aut
411 2847 553 2910 scandalo
566 2867 575 2924 3
591 2855 710 2910 tenetur
724 2855 825 2910 tamen
835 2849 1035 2912 confessarius
1045 2852 1183 2932 complex

211 2939 279 3000 talia
292 2937 425 3019 pericula
447 2937 579 3000 infamiae
593 2945 645 3000 aut
663 2938 794 3000 scandali
810 2947 941 3000 avertere
958 2985 966 3016 ‚
982 2940 1006 3000 si
1021 2946 1138 3020 potest,
1154 2953 1183 3004 et

212 3027 239 3086 id
255 3025 427 3089 subeadem
443 3029 531 3107 poene
545 3027 869 3088 excommunicationis
883 3047 890 3096 ;
914 3027 983 3088 licet
995 3035 1068 3091 tunc
1088 3029 1184 3094 valide

214 3114 387 3193 absolveret,
404 3117 427 3178 si
441 3134 502 3177 non
518 3121 672 3188 averteret,
689 3120 719 3176 et
733 3115 789 3176 hoc
801 3121 847 3176 cst
860 3116 1183 3196 intelligendumjuxta

213 3202 242 3262 P.
258 3203 382 3284 Guryde
391 3210 513 3284 peccato
524 3211 593 3264 ante
605 3203 760 3264 sacerdotii
773 3205 995 3284 susceptionem
1004 3207 1180 3271 commisso.

208 3289 313 3371 (Ceam
331 3293 523 3367 conscicntia,
545 3297 567 3354 t.
590 3297 679 3367 2‚n⁰
695 3292 778 3374 638).
797 3296 955 3369 Attamen,
985 3313 1043 3356 nec
1063 3296 1094 3356 in
1118 3296 1181 3359 istis

209 3381 491 3456 Caristitutionihus‚
508 3400 564 3443 nec
578 3380 608 3441 in
622 3383 689 3458 Jure
703 3380 881 3457 communi,
902 3390 1059 3462 peccatum
1074 3385 1181 3465 praela·

210 3476 272 3530 turn
284 3475 327 3529 est
342 3476 527 3532 reservatum
537 3489 593 3550 pro
607 3470 797 3531 confessariis
813 3489 873 3533 non
889 3471 1097 3550 complicibus

250 3562 280 3618 l⁰
300 3558 430 3618 Nomine
449 3559 561 3638 peccati
586 3560 683 3638 turpis
701 3559 780 3619 venit
798 3577 889 3620 omne
903 3565 1058 3638 peccalum
1077 3565 1179 3624 exter-

211 3665 282 3708 nurn
304 3664 416 3726 grave,
442 3655 546 3707 contra
566 3655 685 3709 sertum
706 3645 845 3726 Decalogi
869 3654 1077 3729 praeceptum,
1101 3669 1129 3712 v.
1147 3671 1176 3731 g.

152 3750 154 3756 ’
211 3743 308 3802 metas,
322 3734 590 3816 colloquiumetc..
600 3735 690 3796 etiarn
702 3754 772 3796 cunr
785 3739 913 3816 persona
925 3736 1060 3814 ejusdem
1072 3740 1176 3801 scriis:
