2604 4196
466 438 768 514 ELEMENTA

173 646 469 790 roais
545 647 1048 792 aaronem

548 927 584 966 Ab
601 927 671 968 usual

289 1093 486 1174 GALLIAE
519 1088 927 1177 santululoltblt.

499 1306 720 1326 qma——

239 1410 245 1419 ’
349 1453 521 1536 niuea
549 1453 863 1540 SECUNDUS.

246 1633 292 1677 bb:
318 1633 423 1677 REBUS
449 1631 722 1678 ECCLESIASTICIS
748 1633 810 1679 SEU
835 1633 966 1680 sacnls.

157 1887 230 1945 654.
254 1882 362 1943 Rerum
377 1880 639 1940 ecelesiasticorum
657 1897 709 1940 seo
724 1898 875 1941 sacrarum
900 1884 1023 1946 nomine
1043 1887 1091 1948 in·
1189 1897 1192 1901 ’

111 1971 294 2052 telligunlur
313 1987 513 2050 quaecumque
536 1987 602 2042 res,
623 1975 731 2048 praeter
757 1988 899 2049 personas
921 1980 951 2033 et
961 1973 1089 2051 judicia,

117 2080 187 2144 quae
200 2059 238 2121 ad
251 2059 390 2120 ordinem
404 2077 456 2120 seu
473 2059 565 2118 linem
581 2058 840 2137 supernaturalem
856 2068 1001 2140 spectant.

157 2148 292 2229 Duplicis
305 2149 424 2228 generis
438 2154 508 2208 sunl
524 2165 532 2207 :
548 2147 613 2208 aliae
628 2147 811 2226 spirituales,
834 2167 903 2227 quae
925 2149 1036 2213 directe
1061 2161 1089 2215 cl
1152 2194 1153 2198 =

114 2239 278 2321 specialibs
287 2238 401 2299 cultum
417 2237 468 2297 bei
478 2243 507 2297 et
520 2235 789 2298 sanctificationem
802 2239 973 2300 animarum
993 2244 1088 2322 respi-

113 2330 219 2403 ciunt,
234 2335 265 2388 ut
280 2333 486 2402 sacramenta,
508 2326 753 2403 sacramentalia,
774 2326 1018 2404 benedictiones,
1039 2331 1089 2392 in-

112 2418 291 2499 dulgentiae,
306 2434 421 2497 preces,
438 2415 522 2490 lesta,
533 2417 668 2476 ecclesiae
678 2462 685 2491 ,
696 2433 765 2475 vasa
778 2433 872 2491 sacra,
888 2435 974 2478 sacra
987 2421 1088 2498 supel-

117 2509 184 2578 lex,
200 2514 270 2579 etc.;
286 2506 351 2566 aliae
366 2503 565 2585 temporalem,
581 2522 649 2582 quae
663 2503 831 2584 specialiter
850 2504 1037 2567 destinantur
1050 2507 1087 2567 all

113 2595 364 2659 sustentationem
376 2593 584 2653 ministrorum
595 2591 736 2652 Ecclesiae
747 2638 756 2667 ,
767 2591 961 2653 sublevamen
975 2613 1086 2675 paupe·

113 2703 184 2748 rum
202 2691 232 2745 et
248 2682 505 2764 comparationem
528 2699 633 2742 eornm
656 2681 796 2741 omnium
821 2700 890 2761 quaa
914 2682 949 2742 arl
971 2685 1086 2746 cultum

114 2775 168 2837 bei
182 2774 343 2855 pertinent.
360 2770 489 2831 Proinde
504 2769 572 2831 tluae
590 2777 679 2831 erunt
694 2768 821 2847 hujusce
836 2770 902 2830 libri
917 2773 1084 2833 sectiones:

111 2883 145 2925 tn
165 2863 263 2944 prima
279 2869 383 2941 agetur
403 2859 441 2920 dc
459 2859 663 2939 spiritualibus
678 2859 768 2918 rebus
782 2858 893 2925 sacris:
909 2860 940 2920 in
954 2861 1088 2922 secunda

110 2953 150 3016 tle
165 2951 273 3014 iisdem
285 2948 512 3030 tertrporalibus

521 3097 681 3110 —

407 3217 586 3298 SECTIO
619 3218 794 3297 Palma,

272 3388 315 3439 or
336 3384 455 3438 araus
478 3383 607 3436 saenis
630 3353 929 3440 semiermibus,

526 3517 647 3530 μ-ιι

72 3622 79 3661 1'
141 3631 220 3692 655.
243 3627 288 3686 De
302 3623 339 3686 iis
352 3621 508 3697 omuibus,
524 3617 555 3680 in
570 3634 634 3680 uno
645 3615 799 3678 volumine
814 3617 996 3681 sufficienter
1011 3625 1085 3682 trac·

105 3731 173 3787 lare
182 3714 242 3780 elsi
256 3711 487 3795 compendiose,
499 3706 624 3770 omnino
636 3712 681 3768 est
694 3705 894 3787 impossibile;
910 3708 1085 3772 undecima

200 3815 224 3858 r.
246 3815 277 3860 u.
986 3799 997 3845 ¹
1107 3843 1111 3850 ³
