2552 4204
468 275 556 320 bruun·
574 274 703 320 rannus.
1008 257 1062 316 ill

139 379 223 455 llesp¹
244 376 276 435 ln
291 373 349 436 boc
362 389 422 435 nnn
435 371 619 436 concordare
633 372 695 432 DD.
712 388 719 430 :
735 369 785 430 alii
799 368 882 431 eninr
900 369 1066 446 affirmant.;

101 462 150 526 alii
173 462 244 525 verb
270 467 396 542 negant3
422 461 597 543 negantium
623 458 694 522 verb
713 459 860 520 sententia
885 457 1068 539 probabilior

101 557 223 614 vocatur
237 552 256 613 b
271 551 302 612 S.
319 549 476 632 Lignaria,
492 550 564 630 quia
577 545 705 610 simonia
725 545 847 626 quidem
867 551 914 608 est
932 547 1067 629 accipere

101 639 265 721 temporale
280 657 335 721 pro
347 639 442 720 pretio
455 637 633 720 spiritualis,
647 635 772 697 minime
785 635 855 696 rerd
864 635 889 696 si
903 637 1068 716 temporale

101 727 267 808 accipiatur
276 734 420 808 tanquam
433 725 616 808 stipendium
626 724 664 786 ad
679 721 927 786 sustentationem
941 723 1067 786 ministri

99 816 151 898 qui
167 815 322 896 spirituale
337 831 449 878 munus
460 819 598 878 exercet:
615 812 789 875 sicutenim
807 811 992 874 simoniacus
1006 829 1068 873 non

100 905 212 986 estqui
230 904 414 985 stipendium
438 903 488 966 dat
508 902 712 984 principaliter
729 905 852 982 propter
870 900 1014 972 missam,
1029 899 1069 960 ito

100 993 152 1074 qui
169 987 293 1054 missam
309 992 439 1054 celebrat
457 992 661 1073 principaliter
679 995 802 1072 propter
825 988 1019 1069 stipendium.
1035 989 1069 1048 ln

100 1079 283 1144 hortamen
308 1081 429 1144 difficile
452 1081 495 1144 sic
515 1081 671 1144 celebrans
694 1085 887 1142 excusaretur
909 1078 947 1139 ab
969 1077 1072 1158 aliqud

100 1170 208 1252 culpa,
223 1170 295 1232 cbm
309 1171 348 1232 sit
361 1169 502 1252 quaedam
518 1169 699 1232 inordinatio
712 1168 842 1249 dirigere
855 1167 1019 1249 spiritualia
1032 1165 1068 1228 ad

100 1258 300 1338 temporalia,
314 1259 366 1322 sed
380 1277 441 1344 non
456 1259 524 1320 ideo
538 1266 615 1322 esset
630 1259 770 1320 simonia.

140 1367 206 1426 Nec
229 1363 327 1424 obstat
350 1363 514 1445 propositio
541 1367 581 1427 46
606 1383 697 1445 supra
721 1365 833 1440 relata,
860 1363 912 1428 ubi
936 1363 1067 1426 dicitur„

101 1453 238 1514 Etiamsi
251 1453 411 1534 temporale
419 1454 459 1514 sit
469 1452 640 1534 principale
651 1454 791 1515 motivum
800 1453 893 1516 dandi
902 1453 1068 1534 spirituale,

100 1541 175 1622 quin
192 1540 222 1602 in
244 1540 323 1602 diora
337 1541 540 1621 propositione
557 1541 701 1604 motivum
724 1543 868 1623 accipitur
886 1560 941 1623 pro
964 1543 1070 1604 eodem

101 1648 138 1692 ac
147 1629 282 1711 pretium
292 1629 338 1691 rei
345 1629 531 1710 spiritualis,
545 1637 574 1690 ct
586 1629 616 1689 in
629 1632 730 1692 nostrl
739 1630 894 1712 hypothesi
908 1632 1072 1710 temporale

100 1717 211 1792 datur,
228 1737 289 1778 non
304 1723 338 1780 ut
353 1719 481 1798 pretium
496 1717 542 1780 rei
554 1718 744 1799 spiritualia,
767 1719 819 1781 sed
835 1721 865 1780 in
886 1718 1072 1799 stipendium

101 1824 244 1888 personae
260 1815 414 1888 occupatae
429 1808 458 1868 in
474 1808 600 1887 gratiam
614 1807 755 1869 alterius:
771 1808 803 1870 in
817 1827 879 1890 quo
893 1827 983 1870 sensu
1001 1809 1070 1874 lice-

101 1895 268 1983 petatium,
284 1895 330 1968 nd¹
343 1897 484 1977 stipendii
499 1896 637 1973 modum,
651 1897 723 1958 dare
733 1897 858 1980 pauperi
868 1899 1028 1980 pecuniam
1040 1903 1073 1962 ut

101 2003 160 2066 pro
174 1983 264 2046 dante
275 1992 351 2048 oret.

142 2095 215 2156 879.
239 2093 361 2165 Ouaerit.
386 2097 419 2154 2·
444 2096 488 2154 An
508 2092 545 2154 sit
562 2092 690 2154 simonia
710 2092 781 2156 dare
800 2092 981 2156 beneficium
1002 2113 1072 2162 cum

101 2198 274 2248 onerarem
290 2180 475 2262 spiritualem
489 2180 674 2262 praestandi?

146 2291 236 2370 llesp.
253 2290 284 2352 Si
306 2290 380 2352 illud
395 2307 473 2352 onus
484 2290 547 2368 jam
566 2289 605 2351 sit
619 2289 741 2352 insitum
756 2290 922 2369 beneficio,
936 2292 983 2354 vel
997 2293 1022 2356 si
1037 2293 1074 2358 ab

102 2379 256 2461 Episcopo
271 2383 342 2442 c'um
354 2377 491 2459 Capitulo
506 2377 653 2441 benetloio
664 2379 780 2442 vacanti
795 2381 984 2462 imponatur,
1000 2401 1027 2446 v.
1042 2403 1072 2466 g.

103 2466 237 2530 intirmis
249 2467 424 2542 assistendi,
443 2466 590 2545 docendi,
608 2469 756 2544 canendi,
772 2475 844 2544 etc,
864 2477 939 2531 tunc
959 2469 1074 2532 beneti-

102 2557 189 2621 cium
204 2555 276 2619 dare
295 2575 365 2620 cum
378 2555 428 2618 tali
442 2573 534 2618 onere
549 2574 610 2618 non
626 2563 669 2618 est
684 2555 821 2619 simonia.
842 2561 884 2618 lta
902 2560 1073 2622 communi-

103 2653 162 2708 ter.
179 2645 211 2709 si
232 2645 303 2708 verb
316 2645 431 2708 dietum
452 2663 530 2708 onus
544 2645 783 2726 imponereturir
803 2647 973 2728 resignante
992 2649 1037 2711 vel
1058 2650 1076 2712 b

104 2741 322 2817 praesentante,
338 2735 485 2816 quidquid
506 2734 607 2795 dicant
629 2733 720 2815 aliqui
740 2735 821 2814 apud
842 2735 994 2814 Sanobez,
1018 2737 1076 2801 hoc

104 2822 214 2886 baberi·
224 2821 312 2886 debet
322 2828 356 2885 ut
369 2822 588 2896 simoniacum,
604 2839 642 2884 ex
653 2841 719 2902 cap.
734 2824 828 2897 Ouum
839 2825 892 2905 pio
906 2828 935 2893 l,
948 2844 978 2906 q.
995 2829 1029 2897 b;
1043 2827 1076 2888 in

105 2913 172 2975 aliis
185 2918 287 2974 tamen
302 2911 392 2974 rebus
407 2910 611 2993 spiritualibus
623 2919 721 2992 posset
733 2929 799 2974 esse
813 2912 897 2974 locus
910 2921 1077 2976 commuta·

105 3002 199 3079 tioni‚
214 3019 242 3064 v.
255 3020 285 3084 g.
298 3001 416 3082 applico
424 3020 482 3082 pro
493 3001 661 3077 torniacum,
674 3010 708 3062 ut
720 3019 803 3064 mnne
812 3001 940 3084 applices
949 3021 1006 3085 pro
1018 3023 1073 3067 are.

106 3092 194 3154 carre
208 3098 252 3152 est
278 3090 407 3152 simonia
430 3089 567 3152 conferre
591 3090 773 3153 beneficium
796 3090 910 3152 famulo
930 3099 963 3153 ut
986 3092 1077 3171 gratis

107 3179 262 3255 inserviat;
278 3179 325 3241 vel
339 3179 363 3240 si
380 3178 510 3240 famulus
530 3179 691 3256 inserviat,
714 3186 747 3242 ut
768 3179 836 3242 loco
847 3179 946 3240 salarii
961 3179 1075 3242 benefi-

106 3269 190 3331 cium
205 3273 417 3349 consequatur.
435 3270 502 3328 Non
524 3274 625 3330 tamen
646 3275 724 3331 esset
746 3267 888 3348 obligatio
902 3269 1075 3334 restituendi

107 3376 165 3421 nec
179 3359 408 3421 incurrerentur
427 3374 524 3436 poenae
537 3363 641 3418 contra
656 3355 837 3420 simoniacos
851 3358 935 3436 latae,
956 3358 1012 3422 nisi
1030 3359 1077 3424 iu·

106 3447 292 3512 tercessisset
306 3451 427 3526 pactum
441 3463 627 3535 expressum.

106 3563 111 3570 '
147 3560 218 3621 880.
243 3555 366 3628 Quaerit.
382 3557 415 3618 ³⁰
439 3557 485 3615 bn
506 3556 609 3616 reverta
634 3553 699 3616 dari
713 3553 806 3636 possit
819 3553 1078 3620 simoniadesolo

106 3646 174 3730 jure
189 3647 346 3722 humano‚·
360 3661 422 3707 non
436 3651 537 3706 autem
549 3642 675 3705 dirino‘l

152 3755 242 3832 llosp.
259 3753 376 3830 Negare
400 3752 510 3826 Gonet,
526 3751 606 3832 apud
630 3753 661 3812 S.
686 3749 830 3828 Linuor„
856 3752 942 3830 quia,
958 3751 1077 3827 inquit.
