2590 4208
487 419 856 500 CONSTITUTIO

321 601 354 667 s
389 600 554 665 cononu
587 600 813 666 mounnmor
848 599 1029 665 vnrrcnnr

182 782 221 829 DE
240 780 356 826 ROMAE!
378 777 541 826 ronrlrrms
564 779 693 829 ruldnru
714 781 751 826 ΕΤ
779 778 960 826 turtulam!
988 781 1173 828 Enclsranro

595 929 756 956 nav-0·—

224 1109 298 1172 Pius
313 1105 482 1190 episcopus
504 1123 595 1171 sacro
610 1105 807 1189 approbante
825 1107 973 1188 concilio,
999 1109 1041 1172 ad
1057 1127 1172 1191 perpe-

185 1209 272 1262 tuarn
293 1199 338 1261 rei
365 1196 563 1260 memoriam.

224 1287 333 1349 Pastor
347 1293 485 1350 aeternus
495 1293 526 1348 et
540 1285 708 1366 episcopus
727 1284 906 1348 animarum
921 1295 1118 1361 nostrarum,
1134 1296 1172 1349 ut

187 1373 388 1438 salutiferum
410 1372 638 1456 redemptionis
663 1390 728 1436 suae
747 1390 827 1454 opus
848 1389 988 1456 perenne
1010 1374 1169 1448 redderet,

188 1471 329 1526 sanctam
345 1461 500 1525 aedificare
524 1460 697 1525 Ecclesiam
716 1461 865 1538 decrevit,
881 1462 914 1523 in
936 1481 999 1543 qua
1014 1463 1113 1526 veluti
1135 1463 1170 1525 in

190 1553 285 1616 domo
299 1550 355 1614 Dei
371 1551 505 1614 viventis
520 1550 628 1614 fideles
643 1568 755 1614 omnes
770 1550 865 1614 unius
879 1550 951 1614 fidei
964 1560 995 1613 et
1005 1551 1171 1615 charitatis

188 1640 317 1704 vinculo
341 1640 598 1721 {continerentur
625 1637 809 1722 Quaproter‚
842 1639 1030 1722 priusquam
1055 1640 1172 1703 clariti-

184 1738 319 1805 caretur,
343 1730 462 1810 rogavit
477 1728 599 1790 Patrem
619 1747 685 1791 ‘non
709 1746 766 1809 pro
781 1727 942 1808 Apostolis
962 1737 1098 1808 tanturn,
1113 1728 1171 1791 sed

184 1827 215 1882 ct
245 1835 302 1900 pro
328 1817 373 1881 eis
398 1818 453 1899 qui
471 1818 624 1881 credituri
645 1825 736 1880 erant
761 1836 817 1899 per
843 1817 976 1880 verbum
998 1836 1109 1882 eorum
1133 1819 1168 1880 in

184 1909 302 1989 ipsum,
327 1913 362 1970 ut
375 1924 486 1970 omnes
502 1924 601 1969 unum
618 1914 721 1969 essent
736 1907 818 1970 sieut
836 1906 902 1987 ipse
921 1905 1020 1970 lilius
1034 1915 1064 1970 et
1079 1907 1172 1969 Pater

185 2015 286 2060 unum
319 2003 393 2058 sunt
420 1994 443 2054 ⁴.
466 1994 741 2070 Quemadmodum
767 1995 863 2075 igitur
886 1995 1064 2078 Apostolos
1088 2013 1171 2078 quos

184 2086 245 2148 sibi
259 2084 299 2146 de
325 2084 447 2146 mundo
464 2084 611 2164 elegerat,
640 2083 726 2146 misit
753 2083 917 2164 sicutipse
939 2084 1055 2148 missus
1069 2095 1172 2150 erata

184 2174 283 2247 Patre,
310 2172 352 2234 ita
368 2173 400 2233 in
416 2172 556 2235 Ecclesia
572 2190 628 2235 sua
644 2171 788 2235 Pastores
799 2180 830 2234 et
845 2171 995 2235 Doctores
1010 2193 1113 2254 usque
1129 2181 1172 2240 ad

183 2261 490 2326 consummationem
513 2261 620 2324 saeculi
632 2279 701 2324 esse
715 2261 825 2324 voluit.
849 2260 888 2323 Ut
901 2279 974 2324 vero
993 2261 1170 2347 Episcopa-

182 2358 234 2413 tus
248 2349 314 2432 ipse
332 2368 415 2412 unus
430 2357 461 2412 et
483 2348 642 2412 indivisus
654 2359 745 2427 esset,
762 2357 793 2412 et
812 2367 868 2431 per
889 2349 1087 2414 cohaerentes
1111 2355 1170 2418 sibi

183 2439 319 2502 invicem
341 2438 519 2502 sacerdotes
542 2437 738 2502 credentium
766 2437 940 2501 multitudo
962 2438 1122 2519 universa,
1137 2445 1171 2506 in

183 2528 255 2592 fidei
279 2536 310 2592 et
335 2527 571 2591 communionis
604 2527 726 2590 unitate
752 2523 1001 2607 conservaretur,
1037 2529 1170 2595 Beatum

183 2617 307 2681 Petrum
324 2619 446 2681 oaeteris
468 2615 628 2700 apostolis
650 2633 852 2698 praeponens,
879 2615 911 2676 in
936 2616 1004 2698 ipso
1032 2618 1172 2684 instituit

183 2715 372 2788 perpetuum
398 2706 565 2789 utriusque
600 2706 731 2769 unitatis
761 2705 955 2786 principium
989 2723 1027 2768 ac
1046 2709 1173 2773 visibile

181 2795 438 2872 fundamentum,
486 2813 581 2878 super
621 2795 712 2874 qu'us
748 2791 966 2856 fortitudinem
1012 2802 1171 2862 aeternum

180 2894 393 2949 exstrueretur
407 2884 575 2966 templum,
591 2890 621 2945 et
633 2881 781 2946 Ecclesiae
796 2880 877 2944 coelo
892 2880 1058 2947 inferenda
1073 2887 1170 2950 subli-

183 2977 274 3039 mitas
287 2976 318 3037 in
339 2975 435 3056 hujus
450 2973 524 3036 lidei
550 2973 698 3035 firmitate
710 2978 913 3051 consurgeret
923 2970 947 3035 ².
962 2971 1001 3034 Et
1015 2977 1171 3054 quoniam

181 3073 279 3146 portae
295 3062 388 3125 inferi
412 3063 451 3125 ad
478 3061 692 3141 evertendam,
719 3061 745 3125 si
765 3060 832 3124 lieri
851 3069 966 3142 posset,
994 3061 1170 3127 Ecclesiam

180 3163 289 3215 contra
304 3157 371 3228 ejus
396 3147 641 3214 fundamentum
655 3149 807 3214 divinitus
827 3148 966 3230 positum
995 3150 1110 3231 majori
1138 3153 1170 3215 in

185 3243 247 3306 lies
269 3240 343 3303 odio
367 3239 511 3322 undique
531 3241 719 3321 insurgunt3
739 3237 802 3302 Nos
824 3239 930 3318 itaque
954 3239 993 3302 ad
1018 3239 1171 3304 catholici

213 3444 234 3494 l.
254 3445 288 3494 dt.
306 3445 376 3494 Joan.
390 3442 590 3506 xvr1,t‚20sq.

211 3525 234 3575 E.
254 3527 279 3576 S.
294 3524 343 3575 Leo
357 3525 391 3575 ll.
410 3538 485 3575 serm.
503 3524 540 3576 lll.
554 3525 599 3585 (al.
617 3523 669 3588 lll.)
682 3537 740 3586 cap.
756 3520 780 3574 2.
796 3522 822 3571 in
839 3519 906 3571 diem
928 3523 1021 3577 Natalis
1036 3531 1086 3580 sui.
