2552 4204
441 301 527 346 arsen
547 299 680 362 rearrus.
779 295 784 332 ἰ
995 287 1057 348 tat

89 393 361 479 non'licetpeounlt
370 397 557 458 vexationem
571 397 687 471 tollere,
697 415 734 458 ex
747 417 814 478 cap.
827 399 995 476 Marmenia,
1010 403 1052 463 De

88 486 183 549 nmen.
199 487 293 549 :hine
305 485 435 548 simonia
448 492 525 546 esset
539 485 563 546 si
579 483 720 545 offerrem
730 487 892 565 pecuniam
903 491 1064 571 Episcopo·

88 576 136 654 qui
150 575 260 655 injuste
273 575 366 638 nollet
379 591 429 636 me
452 578 668 655 praesentatum
693 572 868 652 instituere,
884 578 929 640 rel
948 597 999 642 me
1011 581 1053 642 di·

90 679 176 742 gnum
188 664 317 746 eligere,
330 663 402 744 quia
413 668 488 724 tunc
496 679 550 742 per
560 659 734 741 pecuniam,
750 680 812 723 non
825 664 925 726 sellam
937 683 1053 730 amore

89 769 147 814 rem
164 753 436 835 impedimentum,
455 751 509 813 sed
532 750 623 812 etiam
646 767 710 812 rem
732 749 920 832 spiritualem
940 755 1061 836 adipis-¹

90 858 177 906 cerer.
1055 891 1059 898 .

124 931 317 994 probabiliter
325 937 428 994 tamen
438 929 568 992 simonia
584 947 647 990 nnn
662 936 741 991 esset
752 929 825 992 dare
840 931 1000 1013 pecuniam
1015 952 1054 996 ne

90 1017 188 1101 aliquis
206 1021 372 1083 aleatorum
386 1019 414 1081 vi
429 1019 475 1082 vel
489 1016 594 1079 fraude
616 1016 691 1079 alios
701 1018 846 1081 electores
857 1029 1053 1102 corrumpat,¹

90 1113 114 1168 et
126 1107 166 1172 sie
175 1109 319 1190 impediat
331 1108 512 1172 electionem
526 1106 641 1178 dantls;
653 1107 716 1168 imd
730 1107 848 1170 etiamsi
863 1109 922 1172 hoo
931 1109 1053 1186 laceret,

90 1195 152 1260 ralis
169 1197 309 1280 precibus
330 1204 380 1260 aut
402 1195 581 1258 muneribus
598 1213 634 1258 ex
658 1195 728 1257 odio
749 1197 815 1260 sine
836 1198 863 1260 vi
878 1199 922 1260 vel
938 1198 1053 1263 fraude.

90 1287 235 1350 lemnon
263 1292 341 1349 esset
362 1285 491 1348 simonia
516 1283 588 1346 dare
608 1285 768 1364 pecuniam
789 1286 826 1348 ad
845 1287 1054 1351 redimendam

90 1374 269 1437 vexationem
283 1374 371 1438 abiis
385 1374 437 1455 qui
451 1380 571 1436 tantum
581 1373 687 1435 obesse
698 1379 843 1454 poss'unt3
857 1395 945 1441 seous
955 1379 977 1439 si
990 1397 1055 1458 pos·

90 1467 142 1524 ant
160 1463 267 1527 obesse
276 1469 307 1526 et
333 1463 425 1526 simul
449 1462 604 1543 prodesse,
620 1462 817 1541 instituendo,
828 1466 1051 1546 praesentando‚

90 1549 358 1627 releonlirmando,
370 1551 441 1632 quia
456 1552 499 1612 sic
514 1550 643 1631 pecunia
653 1557 726 1613 tune
740 1550 853 1614 directe
869 1560 1055 1616 sterneretur

91 1637 131 1700 via
143 1641 178 1702 ad
192 1641 377 1704 beneticium
391 1639 603 1702 obtinendum.

123 1730 187 1792 tat.
209 1730 336 1805 Quaerit
346 1733 378 1792 'l’
392 1731 467 1802 Quae
476 1727 535 1788 sint
551 1744 649 1808 poenae
662 1732 767 1789 eontra
781 1728 944 1792 simoniam
959 1730 1055 1793 lataei

124 1818 207 1902 Resp.
227 1819 297 1882 Non
317 1819 431 1881 incurri
446 1835 552 1900 poenas
566 1815 686 1897 quoties
699 1816 899 1880 committitur
916 1819 1054 1881 simonias

90 1905 213 1984 crimen,
229 1908 284 1971 sed
297 1907 441 1970 duntaxat
463 1907 495 1968 in
517 1905 647 1968 simonia
664 1903 744 1967 reali
752 1907 1055 1990 eontrajuadr'einum

90 2012 149 2074 quae
165 2005 355 2080 perpetratur
373 1998 404 2058 in
424 1998 563 2077 ingressu
578 1995 608 2056 in
619 1993 828 2075 Religionem,
845 1997 876 2058 in
891 1999 1051 2060 collatione

90 2087 116 2144 et
126 2087 313 2168 susceptione
324 2083 479 2161 ordinum,
495 2085 526 2147 in
541 2084 697 2148 benefieiis
708 2085 930 2167 ecelesiasticis,
945 2088 990 2150 vel
1001 2107 1055 2169 per

91 2172 239 2238 simoniam
271 2175 516 2238 conlidentirdem
538 2173 648 2237 :unde
672 2192 735 2236 non
763 2174 960 2240 incurruntur
984 2177 1052 2239 ullae

91 2279 177 2340 poeuae
200 2285 256 2348 pro
284 2263 457 2328 venditione
479 2269 737 2326 sacramentorum
762 2270 815 2326 aut
836 2263 1053 2346 jurisdictionis

91 2352 253 2431 spiritualis.

125 2441 255 2506 Diximus
278 2445 310 2505 l·
325 2441 362 2506 In
379 2443 505 2506 aimom'd
522 2443 610 2517 reali,
635 2441 761 2524 proinde
782 2461 845 2506 non
866 2444 897 2505 in
924 2444 1055 2507 simonia

90 2532 213 2608 meruli,
233 2549 291 2595 neo
306 2531 617 2613 pureoonventionali
637 2530 717 2612 (cap.
740 2530 885 2595 Mandata
898 2535 946 2601 aa,
965 2532 1008 2594 De
1017 2536 1056 2595 ri·

91 2619 204 2702 monr'd).
216 2623 394 2704 Disputatur
403 2627 505 2683 tamen
519 2639 569 2695 an,
581 2619 619 2681 ad
630 2619 828 2682 incurrendae
838 2637 954 2702 poenas,
966 2621 1056 2683 simo·

91 2707 134 2770 nia
142 2708 247 2774 debeat
260 2728 327 2774 essa
348 2729 384 2772 ex
396 2714 523 2792 utreque
535 2717 620 2792 parte
634 2711 803 2792 completa3
820 2711 1013 2774 communior
1026 2722 1056 2775 et

90 2798 262 2874 probabilior
271 2800 420 2862 sententia
441 2807 524 2862 tenet
534 2798 645 2880 requiri
657 2799 866 2879 impletionem
881 2818 918 2862 ex
928 2803 1056 2880 utraque

91 2893 176 2964 parte,
186 2889 259 2952 lieet
276 2907 337 2952 non
348 2889 519 2970 requiratur
529 2895 561 2950 ut
574 2887 605 2949 in
615 2893 677 2948 tolo
691 2888 730 2948 sit
744 2887 880 2970 impleta,
892 2887 963 2968 quia
972 2888 1001 2948 in
1011 2891 1056 2966 ju·

91 2989 119 3035 re
129 2977 231 3040 nullibi
240 2997 340 3062 poenae
358 2977 537 3060 infliguntur
556 2981 661 3040 eontra
675 2975 1054 3058 simoniamnonutrinque

90 3065 278 3146 eompletam3
294 3074 324 3129 et
338 3067 370 3128 r’n
380 3067 477 3150 poenr‘s
490 3067 689 3148 benipniorest
707 3066 919 3147 interpretatio
938 3064 1055 3148 forien-

90 3146 132 3214 do.
148 3155 239 3219 Serus
257 3162 303 3219 est
324 3156 489 3219 dicendum
509 3156 541 3217 in
559 3155 690 3218 simonia
711 3155 940 3218 confidentiali:
963 3155 994 3216 in
1020 3160 1053 3219 et

91 3238 164 3304 enim
179 3245 288 3308 sufficit
302 3246 382 3326 qudd
403 3263 439 3307 ex
457 3247 518 3308 unt
535 3252 619 3326 parte
636 3245 672 3306 sit
687 3245 822 3326 impleta,
834 3245 920 3325 juxta
935 3244 1054 3308 Bullam

87 3325 118 3389 S.
134 3331 177 3394 Pii
192 3335 217 3394 V
233 3332 448 3398 Intolerabilr's.

124 3418 164 3482 lla
180 3423 311 3503 praelatis
325 3422 518 3486 concluditur
527 3439 598 3484 eum
613 3421 666 3503 qul
680 3421 864 3485 beneficium
874 3423 990 3486 obtinet
1002 3442 1055 3506 per

92 3500 182 3572 trum
192 3509 329 3592 pecunia
343 3511 588 3593 promissionem,
599 3510 654 3572 etsi
665 3519 769 3592 peccet
782 3511 974 3592 cooperando
988 3509 1059 3576 alte'

92 3591 326 3678 eurinome,
351 3607 482 3662 attamen
504 3599 625 3674 revera,
648 3606 718 3661 ante
735 3600 969 3682 impletionem,
993 3619 1054 3662 non

92 3681 236 3752 incurrero
250 3707 357 3772 poenae
367 3697 472 3752 eontra
490 3687 651 3750 simoniam
664 3687 749 3766 latas,
762 3689 835 3771 quia
846 3687 1053 3751 tunosimonia

93 3784 148 3834 non
160 3783 206 3839 ost
219 3777 364 3860 utrinque
378 3776 541 3846 completa.
