2590 4208
398 299 400 306 '
494 316 577 362 unm
600 317 733 364 suerrus.
1057 315 1094 374 33

122 434 166 497 De
181 451 247 512 rep.
258 477 276 578 ἁ
289 443 378 490 secus
393 425 417 486 si
433 431 505 488 vola
524 425 679 487 duntaxat
691 425 847 508 simplicia
869 431 1022 494 anovilio
1036 435 1098 493 sint

122 521 254 585 emitten
280 534 308 578 a.
408 544 410 548 ’

518 683 663 736 PUNCTUM
680 685 717 736 vl.

299 814 399 856 SOLUTlO
416 813 563 858 buonullblll
580 815 703 855 buurouull
719 815 790 857 GlRGA
806 816 925 858 Hormos.

165 939 237 1004 eoi.
262 937 386 1012 Quaeril.
405 935 437 997 l⁰
451 935 498 997 An
513 937 624 998 novilii
639 937 768 1000 obedire
785 945 953 1001 teneantur
966 940 1103 1020 superio

127 1029 217 1093 ribus
232 1025 368 1089 lnsliluti
384 1031 414 1085 el
433 1023 576 1105 regulam
592 1023 790 1088 observare?

166 1117 259 1197 Resp.
283 1115 316 1176 ln
341 1114 444 1192 rigore
468 1112 596 1192 quidem
616 1113 655 1176 ad
678 1114 746 1176 haeo
767 1132 830 1177 non
848 1122 1005 1188 tenemur,
1028 1135 1102 1178 oum

125 1203 272 1269 nondum
287 1211 361 1265 sum
376 1201 513 1280 religiosi
528 1223 536 1278 ;
550 1201 617 1278 sed,
634 1203 677 1264 ait
687 1221 756 1284 eap.
773 1203 950 1279 accolentes,
968 1205 1010 1266 Da
1021 1215 1099 1266 aratu

124 1293 275 1364 monaci,
294 1314 309 1352 u
331 1291 467 1372 Dignum
486 1299 580 1354 estut
595 1291 650 1372 qul
673 1292 807 1355 similem
823 1311 896 1356 oum
913 1293 983 1354 aliis
1005 1294 1100 1356 vitam

123 1404 139 1442 n
165 1380 353 1460 suscipiunt,
367 1376 501 1440 similem
518 1379 655 1442 sentiant
675 1381 707 1442 in
719 1379 840 1459 legibus
855 1381 1096 1462 disciplinam.»

122 1475 203 1546 lmo,
218 1465 569 1548 regulas'infringeudo,
585 1469 768 1549 contingere
783 1480 888 1551 posset
903 1472 986 1550 quon
1004 1472 1099 1534 eliam

123 1559 262 1640 graviter
279 1563 455 1638 peccarent,
474 1556 517 1619 ob
532 1556 715 1620 scandalum
731 1603 739 1634 ‚
756 1559 1096 1633 insubordinationem‚

123 1667 159 1711 ao
176 1647 395 1727 religiosarum
419 1645 694 1726 praesoriptionum
715 1647 952 1710 relaxationem.
969 1649 1033 1710 Etsi
1058 1651 1097 1711 ad

123 1737 251 1818 regulas
265 1735 371 1798 slriole
385 1735 497 1798 novitii
511 1752 576 1797 non
591 1743 767 1810 teneantur,
784 1737 877 1817 pleoli
890 1745 994 1798 tamen
1011 1755 1028 1798 a
1042 1757 1096 1799 su·

123 1824 303 1908 perioribus
318 1833 462 1906 possunt,
475 1823 565 1904 juxla
579 1842 649 1905 eap.
675 1823 851 1906 praelalum.

161 1922 231 1985 965.
257 1919 383 1996 Quaeril.
408 1923 442 1982 2⁰
466 1919 512 1980 An
535 1928 565 1982 et
586 1928 743 2002 quatenus
760 1922 871 1985 novilii
889 1923 1010 2004 possint
1025 1923 1092 2004 ejici

122 2009 170 2073 vel
187 2009 327 2072 deserere
342 2007 524 2070 lnslitutum
540 2009 556 2070 ‘l

159 2100 251 2180 Resp.
268 2097 394 2178 Absque
413 2097 596 2172 rationabili
615 2115 710 2161 causa
725 2099 794 2181 ejioi
810 2106 983 2182 nequeunt,
1006 2111 1049 2178 el,
1067 2103 1093 2166 si

118 2188 328 2250 nibilominus
352 2186 532 2266 ejiciuntur,
557 2184 596 2248 ad
621 2189 815 2270 superiorem
840 2189 1002 2272 appellare
1016 2210 1093 2273 pos·
1202 2241 1204 2243 .

117 2286 201 2341 sunt.
226 2275 287 2340 Sed
302 2276 378 2358 ipsis
399 2274 537 2338 liberum
559 2282 606 2338 est
626 2277 808 2357 religionem
830 2278 972 2343 deserere
996 2289 1027 2342 et
1052 2282 1090 2343 ad

117 2366 268 2430 saeeulum
279 2364 392 2443 redire,
409 2380 473 2427 non
490 2365 586 2446 petita
601 2364 738 2444 lieentia,
754 2376 883 2450 excepto
896 2377 1002 2431 tamen
1015 2389 1089 2432 casu

115 2472 180 2537 quo
194 2455 380 2533 religionem
395 2451 517 2534 ingredi
532 2456 689 2517 vovissent
701 2479 710 2532 ς
724 2461 799 2519 luno
813 2458 899 2518 enim
913 2458 987 2537 ipsis
1001 2459 1088 2520 exire

116 2560 179 2607 non
195 2543 279 2619 licet,
302 2543 362 2604 uisi
378 2541 498 2623 experti
514 2539 645 2604 luissent
666 2542 756 2604 illam
776 2563 844 2606 esse
859 2545 918 2606 sibi
934 2545 1021 2606 valde
1036 2547 1088 2607 in·

114 2630 326 2696 oommodam.
345 2631 415 2712 (Des
430 2630 651 2693 commoneam
670 2630 784 2694 damur
797 2633 929 2714 simplos,
951 2642 987 2694 n⁰
1001 2633 1090 2716 lle.)

153 2725 224 2786 966.
251 2719 378 2796 Quaeril.
396 2720 429 2783 3ο
444 2719 467 2782 Α
484 2718 677 2801 quibusnam
702 2721 780 2784 solvi
797 2731 916 2803 queant
940 2724 1050 2786 novitii
1071 2743 1087 2787 a

114 2812 250 2892 peccatis
265 2809 329 2871 suis
343 2807 359 2871 ‘l

152 2900 242 2980 Resp.
264 2896 341 2961 :Vel
360 2901 463 2978 agitur
478 2897 517 2961 de
542 2897 670 2960 novitiis
696 2897 916 2961 lnslilutorum
940 2909 1087 2964 votorum

116 2989 319 3064 solemnium,
345 2985 394 3050 rel
414 2986 453 3050 de
468 2987 596 3050 novitiis
616 2986 750 3050 aliorum
771 2987 992 3051 lnslilulorum
1014 3008 1022 3051 :
1051 2991 1086 3053 ln

113 3081 216 3161 primo
237 3094 333 3154 casu,
349 3075 461 3139 novitii
480 3085 511 3140 et
526 3076 619 3138 simul
636 3093 747 3139 omnes
769 3077 872 3158 quiin
895 3081 1086 3142 monasterio

112 3173 350 3232 commorantur
361 3172 392 3226 et
405 3163 593 3228 obedienliae
603 3165 756 3240 subdunt,
774 3175 838 3228 tarn
855 3185 871 3228 a
887 3166 1085 3231 confessariis
1119 3239 1121 3246 ¹

112 3256 310 3338 regularibus
328 3253 510 3317 monasterii
526 3253 600 3315 lieet
616 3254 656 3314 ab
670 3253 827 3336 Episcopo
844 3273 907 3317 non
924 3257 1084 3335 approba.

111 3347 165 3423 tis,
179 3362 277 3427 quam
293 3363 310 3405 a
330 3341 548 3405 sacerdotibus
563 3343 768 3405 saeeularibus
783 3343 823 3405 ab
842 3343 1013 3409 Ordinario
1029 3366 1068 3428 ap

110 3433 264 3517 probatis,
281 3431 403 3494 absolvi
418 3438 560 3512 possum.
578 3430 723 3495 Clemens
733 3431 801 3494 Vlll
818 3441 933 3509 lamen,
947 3434 980 3496 in
996 3437 1084 3500 Bulla

109 3521 269 3601 Regelare
282 3519 455 3602 disciplina,
475 3519 566 3601 jubel
588 3530 623 3582 ut
637 3537 714 3582 eura
734 3521 926 3584 novitiorum
950 3524 1083 3589 audien·

109 3612 226 3676 dorum
249 3611 282 3672 in
307 3608 523 3684 confessione,
540 3609 599 3672 soli
618 3609 803 3672 eorumdem
826 3613 976 3692 magistro
1000 3631 1083 3676 oom-

111 3703 266 3774 millatur‚
284 3699 327 3760 ita
341 3705 446 3760 lamen
461 3705 497 3760 ut
517 3696 610 3760 locali
626 3698 780 3780 superiori
795 3699 888 3761 lineat
904 3719 958 3780 per
972 3719 1016 3776 se,
1034 3703 1082 3765 rel

113 3789 291 3874 peruium,
312 3786 408 3850 semel
421 3793 474 3848 aul
489 3786 536 3847 bis
553 3787 583 3848 in
600 3805 695 3862 anno,
711 3789 895 3853 eorumdem
910 3787 1081 3853 confessio-
