2604 4196
153 455 154 462 ἵ
174 394 234 447 558
450 399 600 442 ELEMENTA
621 397 704 442 JURlS
724 392 872 441 canuntur.

145 499 150 510 '
176 495 348 569 «ablutio,
368 495 503 575 ritusque
522 497 622 557 caeteri
644 497 675 556 in
698 494 851 573 Baptismo
874 489 999 552 adhibiti
1021 483 1173 570 perage?
1242 495 1248 501 '

177 607 193 644 ι
212 583 334 645 bantur.
350 582 550 644 Secretcrr'um
572 584 633 646 sive
649 581 832 644 diaconicon
855 578 940 640 locus
957 583 1022 638 erat
1035 576 1068 636 in
1092 593 1152 656 quo

182 695 194 735 ι
214 691 298 734 sacra
309 670 485 733 indumenta
499 719 508 749 ,
523 689 593 732 vasa
604 690 640 733 ac
654 671 778 748 reliqnae
791 666 925 730 eeclesia
941 665 1075 745 supellex
1090 682 1152 724 ser-

178 783 194 820 r
214 760 373 822 rebantur.
390 759 620 841 Postoplrcrium
634 756 773 838 generale
788 772 900 817 nomen
916 760 960 816 est
974 771 1036 832 quo
1059 751 1154 813 multa

178 871 193 907 r
216 848 446 930 significantur,
460 847 510 909 sed
527 852 559 908 ut
578 847 745 926 plurimum
764 843 903 923 designat
922 841 1069 913 aedilicia,
1085 858 1155 922 quae

180 959 193 995 a
217 939 333 998 stabant
362 936 401 997 ab
428 942 556 1017 utroque
582 934 718 996 ecelesia
745 932 837 994 latere
868 930 906 992 ad
933 927 1168 992 extremitatem

178 1050 191 1084 u
206 1025 414 1097 orientalem,
431 1030 461 1084 et
474 1021 635 1085 custodum
648 1041 682 1083 ac
698 1021 905 1082 ministrorum
926 1018 1030 1096 templi
1051 1017 1154 1077 domi-

179 1136 194 1171 u
217 1113 332 1174 cilium.
350 1111 458 1174 Schola
478 1119 505 1173 et
523 1109 709 1171 Bibliotheca
730 1109 814 1170 locus
835 1115 898 1168 erat
920 1107 952 1167 in
975 1125 1037 1186 quo
1060 1105 1156 1166 animi

180 1195 323 1263 alitteris
334 1207 424 1282 atque
438 1199 584 1261 doctrinis
598 1198 824 1260 excolebantur.
843 1217 859 1255 a

595 1339 681 1398 ΛΒΤ.
706 1339 742 1398 ll.

286 1456 354 1510 oum
374 1457 565 1508 uuoururrun
586 1456 625 1500 uu
647 1455 856 1502 nunrcrrrnsu
876 1454 1049 1500 uccuusmu.

221 1569 291 1628 722.
315 1566 451 1638 Quatuor
462 1563 500 1626 ad
514 1565 545 1626 id
559 1565 730 1627 necessarid
744 1565 941 1646 requiruntur
958 1584 965 1625 :
983 1569 1013 1626 l⁰
1028 1581 1159 1626 consen·

183 1674 235 1718 sus
247 1647 410 1735 Episcopi,
425 1658 459 1714 ut
469 1659 586 1715 constat
597 1671 635 1714 ex
647 1652 738 1714 variis
748 1653 826 1731 juris
843 1652 982 1715 canonici
1000 1651 1159 1732 capitulis,

183 1743 320 1806 videlicet
332 1761 368 1805 ex
382 1742 496 1804 Concil.
513 1740 666 1816 Chalced.;
681 1760 708 1803 c.
721 1745 740 1802 l
755 1741 859 1816 Nemo,
875 1740 919 1802 De
934 1740 1035 1817 Cone,
1046 1741 1118 1802 dist.
1130 1744 1158 1813 l;

183 1851 211 1895 c.
229 1832 304 1895 Cion
323 1830 396 1893 olim
414 1834 466 1907 ll,
483 1830 527 1892 De
541 1829 731 1912 privilegiis,
750 1827 768 1910 ᾗ
787 1830 921 1906 Proetcr3
936 1847 1003 1911 cap.
1020 1828 1160 1892 Auctori-

187 1929 258 1993 rate,
272 1919 315 1981 De
327 1918 486 1999 privileg,
503 1919 533 1978 in
548 1921 592 1981 6⁰.

224 2013 255 2070 2⁰
278 2009 317 2070 Ut
331 2006 519 2087 Episcopus,
534 2012 697 2086 antequam
718 2004 843 2068 ecclesia
864 2005 1046 2080 edificetur,
1070 2005 1161 2068 situm

186 2095 338 2158 examinet
352 2099 382 2154 et
395 2093 574 2155 ibi-crucem
595 2101 688 2175 ponat
710 2093 781 2175 (per
802 2113 834 2156 se
846 2095 893 2157 vel
907 2095 1080 2176 paralium)
1099 2113 1106 2154 :
1122 2094 1162 2155 ita

187 2204 254 2264 cap.
272 2183 365 2244 Nemo
379 2186 414 2258 9,
433 2179 478 2244 De
492 2181 624 2256 consec,
640 2181 709 2244 dist.
728 2187 756 2245 l.
772 2185 806 2244 ln
822 2182 869 2245 his
883 2184 1087 2246 communiter
1106 2181 1162 2243 ha-

189 2273 275 2334 betur
290 2269 506 2350 comprehendi
522 2270 702 2351 positionem
716 2271 808 2332 Primi
823 2271 952 2353 Lapidis.

228 2365 261 2422 3ο
281 2361 319 2423 Ut
334 2375 469 2438 congrua
482 2357 537 2420 dos
552 2359 743 2440 assignetur,
758 2359 787 2420 id
802 2367 846 2421 est
861 2359 1042 2422 sufficientes
1056 2365 1087 2420 et
1099 2366 1166 2421 sta·

189 2449 264 2510 biles
275 2447 410 2509 redditus
423 2466 477 2528 pro
489 2447 701 2520 luminaribus,
716 2448 1042 2528 paramentis,iabrica,
1057 2449 1164 2510 minis·

190 2538 242 2600 tris
255 2543 284 2599 et
298 2535 363 2598 aliis
377 2535 565 2610 necessariis,
579 2553 645 2616 cap.
661 2535 755 2598 Nemo
768 2536 849 2599 citat.

232 2625 277 2685 Ad
292 2624 501 2686 sufficientiam
517 2623 594 2683 dotis
607 2625 837 2700 estimandum,
853 2626 928 2688 ratio
950 2625 1054 2688 haberi
1075 2625 1167 2689 debet

191 2731 253 2773 non
264 2714 382 2774 tantum
396 2711 567 2772 reddituum
580 2718 750 2784 certorum,
767 2711 819 2774 sed
832 2715 922 2774 etiam
935 2715 1124 2778 oblationum
1137 2721 1168 2778 et

191 2804 452 2882 eleemosynarum
468 2817 536 2880 quae
552 2799 1026 2883 legitimesperantur.0uantitas
1043 2805 1168 2866 arbitrio
1251 2859 1257 2870 .
1289 2855 1290 2875 ,

193 2890 332 2972 Episcopi
350 2887 541 2969 dijudicanda
562 2889 762 2970 relinquitur3
777 2889 801 2950 si
819 2891 964 2952 autemid
983 2893 1167 2973 neglexerit,

190 2999 226 3040 ax
243 2979 373 3058 propriis
391 2985 509 3039 tenetur
523 2977 682 3039 ecclesiam
703 2979 816 3052 dolare,
834 2997 871 3040 ex
894 2998 960 3061 cap.
978 2981 1002 3043 C
1004 2983 1052 3042 ιἰνη
1072 2982 1168 3058 sicut}

192 3066 236 3129 De
252 3065 420 3128 Consecrat.
437 3064 533 3126 eccles.

233 3159 265 3215 l⁰
286 3157 325 3217 Ut
339 3153 465 3216 ecclesia
479 3153 657 3215 aedilicanda
671 3155 849 3236 regulariter
861 3176 923 3219 uon
935 3167 1038 3241 vergat
1052 3161 1084 3221 in
1097 3179 1170 3241 prec-

185 3243 341 3324 ,iudicium
363 3242 485 3305 alterius
504 3244 669 3323 presertim
694 3245 883 3325 parochialis.
900 3249 971 3311 Can.
991 3250 1172 3331 Quicumque

196 3337 244 3405 ll,
260 3348 350 3392 causa
368 3333 417 3407 lli,
433 3350 463 3412 q.
487 3335 521 3406 l;
538 3338 568 3393 et
581 3349 647 3412 cap.
666 3336 680 3394 l
696 3379 704 3407 ,
720 3332 764 3394 Dc
778 3353 844 3395 noos
859 3337 957 3417 operis
970 3339 1170 3416 nuntiatione,
1287 3381 1288 3398 i

198 3419 391 3483 ubidicitur:
413 3440 428 3477 r
446 3420 534 3481 Nulla
551 3421 678 3483 ecelesia
698 3421 728 3483 in
752 3425 962 3503 praejudiciurn
983 3427 1105 3488 alterius
1128 3436 1173 3490 est

201 3531 214 3568 r
235 3507 439 3570 construenda
454 3529 484 3569 a.

236 3597 281 3656 Ex
294 3595 341 3657 his
355 3595 515 3658 deducitur
532 3615 594 3658 non
610 3617 676 3661 esse
690 3599 899 3664 aedificandam
914 3604 1073 3666 ecclesiam
1097 3605 1173 3685 quin
1286 3639 1287 3661 r

198 3693 285 3747 antea
305 3686 435 3747 cilentur
454 3692 483 3747 et
502 3686 663 3748 audiantur
685 3695 817 3753 rectores
840 3693 1034 3754 ecclesiarum
1062 3693 1173 3754 uicina-

200 3793 287 3848 rum,
305 3775 473 3855 praesertim
487 3775 719 3855 parochialium:
730 3779 768 3839 ad
782 3781 965 3862 Episcopum
976 3781 1175 3862 spectatJ'udl·
1285 3807 1286 3814 ¹

200 3881 267 3924 cure
295 3863 332 3925 de
360 3863 549 3944 legitimitate
569 3881 674 3927 earum
696 3869 900 3948 querelarum.
926 3873 969 3933 Ita
987 3877 1019 3933 ut
1042 3871 1067 3931 si
1090 3873 1173 3942 nard
1285 3895 1286 3923 r
