2590 4208
515 291 600 340 tinen
620 295 753 346 nennius.
1084 291 1125 363 si

141 403 303 484 regulares
317 405 501 488 dispensare
520 425 593 470 cum
615 409 685 472 suis
701 413 835 482 subditis
850 424 881 486 in
899 427 1048 492 omnibus
1067 433 1114 496 in·

140 490 361 557 habilitatibus
375 503 406 556 et
421 496 522 576 poenis
535 499 706 562 contractis
719 504 842 570 ratione
855 511 974 591 delicti,
985 521 1042 580 etsi
1053 520 1119 584 illu

139 580 203 641 sint
224 579 356 645 Summo
372 583 515 646 Pontiilci
531 594 714 666 reservatae3
730 591 795 668 sed,
818 601 922 677 quoad
938 606 1113 686 seculares,

140 685 204 730 non
228 669 366 752 amplius
381 690 473 753 posse
498 673 654 737 acasibus
677 685 841 747 reservatis
865 688 1027 756 absolvere
1049 699 1116 762 sine

139 753 277 833 indulto,
294 777 331 820 eo
347 759 432 840 quod
448 777 570 836 eorum,
587 764 691 844 quoad
709 765 786 843 hoc,
804 775 967 857 privilegia
983 785 1113 850 Constit.

139 847 322 926 Apostolicoe
341 847 425 910 Sedis
441 848 613 914 sustulerit.
630 851 738 928 Quoad
755 877 828 924 vero
849 863 1116 947 dispensationem

140 935 222 996 cirea
239 946 392 1018 praecepta
412 937 637 1015 ecclesiastica,
659 941 691 1003 id
708 959 836 1024 possunt
851 952 972 1020 Praelati
988 965 1117 1041 regula·
1213 974 1215 978 ’

141 1038 191 1084 res
213 1041 285 1086 cum
309 1025 373 1086 suis
396 1025 539 1101 subditis,
561 1028 645 1108 quod
666 1032 771 1106 valent
785 1037 931 1124 Episcopi
955 1065 1028 1112 cum
1052 1055 1120 1118 suis

143 1107 331 1173 dioecesanis
349 1111 391 1196 (S.
411 1113 549 1194 Lignum,
566 1115 610 1179 De
620 1117 804 1202 privilepiis,
821 1147 857 1189 no
872 1131 954 1214 106),

184 1196 371 1262 confessarii
394 1212 498 1264 autem
519 1204 677 1284 regulares
697 1219 883 1290 potestatem
906 1221 1025 1289 babent
1044 1229 1121 1294 irri-

143 1287 244 1364 tandi,
266 1290 443 1352 remittendi
458 1292 639 1372 juramenta
664 1303 694 1358 et
718 1308 804 1376 vota,
835 1308 969 1376 circaea
990 1315 1117 1399 dispen-

144 1375 254 1451 sandi3
271 1385 301 1440 et
321 1377 403 1440 idem
419 1388 552 1461 possunt
566 1383 671 1464 quoad
693 1386 956 1468 impedimentum
976 1403 1118 1472 debitum

145 1463 270 1544 petendi
287 1467 393 1530 oriens
414 1487 451 1530 ex
468 1471 607 1546 incestu,
625 1473 720 1538 modo
737 1486 839 1544 tamen
857 1505 873 1546 a
889 1495 1042 1570 superiori
1062 1507 1120 1561 e02

147 1567 219 1616 rum
252 1557 437 1620 monasterii
462 1557 623 1622 licentiam
646 1561 793 1629 habeant.
824 1571 901 1635 ltem
925 1595 1057 1658 possunt
1081 1606 1118 1650 ex

147 1645 311 1705 cunimuni
326 1646 479 1707 sententia
496 1646 680 1728 dispensare
694 1669 767 1714 cum
791 1659 977 1741 conjugibus
992 1670 1024 1732 in
1045 1684 1122 1738 voto

146 1731 297 1793 castitatis
318 1732 356 1794 ad
371 1733 543 1814 petendum
558 1734 711 1801 debitum.
730 1740 789 1804 Sed
807 1757 1009 1820 communius
1023 1778 1121 1841 nega-

148 1825 201 1880 tur
213 1819 298 1900 quod
313 1821 395 1883 idem
407 1823 531 1886 valeant
546 1825 584 1888 ad
598 1829 839 1898 matrimonium
854 1847 1120 1914 contrahendum.

150 1906 314 1989 (liemcule,
331 1921 367 1970 n⁰
379 1911 485 1994 abta.)
667 1929 674 1944 ·

192 1995 279 2060 toro.
305 1998 478 2062 Dicendum
499 2002 533 2064 4⁰
551 2001 597 2066 Ex
619 2004 784 2087 privilegio
806 2030 824 2074 a
848 2013 900 2079 SS.
918 2019 1127 2094 Pontificibus

153 2085 281 2166 Gregor.
297 2085 383 2166 Xlll,
399 2089 576 2155 Alexandro
596 2091 637 2158 vi
651 2101 682 2156 et
703 2093 860 2166 Clemente
875 2105 942 2171 Vlll
956 2129 1123 2196 concesso,

153 2192 244 2256 posse
260 2176 419 2256 regulares
433 2179 592 2245 celebrare
607 2199 671 2245 una
684 2183 761 2249 hora
778 2201 850 2260 ante
865 2213 1030 2281 auroram3
1048 2207 1122 2285 imo,

150 2280 226 2326 cum
245 2263 352 2346 aliqua
363 2266 447 2348 justa
471 2287 588 2348 causa,
611 2271 792 2340 immediate
805 2279 880 2345 bora
903 2295 1039 2357 secunda
1056 2305 1125 2376 post
1199 2297 1200 2300 ’

153 2352 291 2415 mediam
307 2363 450 2433 noctem3
465 2358 518 2421 sed
534 2358 566 2421 id
582 2367 704 2424 tantum
720 2365 751 2425 in
774 2375 909 2454 propriis
923 2381 1072 2460 ecelesiis,
1089 2388 1121 2450 in

151 2440 269 2522 quibus
284 2445 378 2504 etiam
395 2447 558 2511 saeculares
580 2450 664 2514 dieto
683 2455 907 2538 privilegio'uti
928 2483 1069 2547 possunt.
1086 2507 1126 2525 -

151 2529 229 2594 ltem
242 2531 318 2614 ipsis
330 2532 449 2612 Eugen.
464 2533 503 2598 lV
518 2541 682 2614 concessit,
691 2559 729 2604 ex
739 2543 823 2625 justa
839 2568 944 2629 causa,
961 2558 1121 2626 celebrare

152 2620 254 2684 tribus
270 2621 358 2684 boris
373 2631 443 2704 post
458 2625 632 2691 meridiem.

190 2707 256 2771 Etsi
273 2721 432 2792 nequeant
454 2715 613 2794 regulares
632 2717 664 2781 in
688 2719 753 2783 suis
772 2722 926 2792 cubiculis
949 2735 1048 2800 altare
1062 2743 1125 2804 eri-

150 2817 234 2880 gere,
249 2797 375 2880 Gregor.
391 2800 460 2863 Xlll
473 2809 578 2866 tamen
591 2807 842 2875 provincialibus
853 2816 1125 2891 Jesuitarumcon·

151 2887 243 2950 cessit
257 2887 430 2968 deputandi
446 2894 584 2957 oratoria
599 2895 631 2958 in
649 2897 713 2960 suis
727 2899 848 2966 edibus
870 2907 900 2968 in
919 2911 1036 2990 quibus
1051 2935 1125 2981 om·

150 2993 207 3041 nes
221 2977 343 3059 possint
354 2977 525 3044 celebrare.

192 3065 280 3129 1031.
305 3066 478 3132 Dicendum
496 3073 543 3144 5⁰,
556 3073 663 3153 quoad
686 3074 831 3144 divinum
852 3086 1010 3170 cilicium,
1033 3111 1124 3174 posse

149 3155 310 3236 regulares
333 3175 371 3218 ex
386 3159 480 3220 variis
501 3161 757 3229 concessionibus
782 3173 813 3230 t⁰
829 3177 1002 3256 anticipare
1023 3184 1125 3252 officia

149 3241 305 3323 longiora,
322 3255 351 3306 et
366 3245 510 3310 breviora
526 3267 684 3315 reservare
699 3273 757 3335 pro
770 3255 881 3322 diebus
897 3269 1024 3346 majoris
1036 3290 1126 3340 occu.

151 3333 309 3416 pationis;
333 3341 367 3396 2⁰
389 3335 531 3400 infirmos
546 3345 576 3402 et
598 3338 790 3409 iniiimarios
809 3351 986 3420 satisfacere
1009 3380 1126 3442 praece-

149 3430 217 3506 pto,
243 3422 414 3498 recitando
435 3423 523 3506 juxta
539 3430 708 3508 superioris
728 3433 983 3522 assignationem,
1004 3462 1124 3532 septem

151 3511 306 3594 psalmos,
322 3529 396 3576 cum
411 3520 531 3596 septem
544 3513 639 3580 Peter
651 3526 681 3581 et
696 3519 822 3587 duobus
838 3527 929 3595 Credo
938 3555 951 3611 ,·
967 3545 997 3599 et
1011 3559 1130 3607 conra-

149 3599 502 3680 lcscentessatisiacere,
512 3604 647 3671 dicendo
659 3626 730 3672 eam
741 3610 887 3681 breviarii
900 3633 1020 3702 partem
1029 3649 1128 3710 quam

148 3687 359 3754 confessarius
385 3692 613 3774 assignaverit3
638 3699 673 3760 3⁰
693 3703 847 3768 moniales
873 3710 958 3784 item,
985 3717 1040 3778 etsi
1067 3722 1128 3785 sub

149 3779 237 3860 gravi
252 3776 292 3842 ad
308 3777 403 3843 boras
415 3789 582 3848 teneantur
616 3785 814 3869 satisfacere,
830 3797 926 3862 etiam
941 3804 1009 3862 sine
1024 3805 1124 3873 licen.
