2552 4204
367 385 368 390 ,
452 335 538 385 utana
557 333 690 382 suerrus.
996 310 1054 372 tto

84 446 152 509 vero
165 444 347 524 permutatio
361 464 397 508 11
408 446 583 508 auctoritate
595 439 778 523 competenti
791 443 836 502 est
846 437 926 500 licita
937 485 944 512 ,
956 443 989 500 ut
1000 455 1054 500 su-

84 533 284 617 prediximus
299 533 479 616 (191111).

122 624 155 684 3·
165 622 264 682 Etiam
273 628 356 684 extra
367 621 619 702 benefieia‚pacta
632 625 758 702 possunt
767 635 832 679 esse
841 616 1005 680 simoniaca
1018 633 1058 678 ex

85 709 228 788 soioJure
243 711 382 790 positivo,
398 713 442 775 sic
460 713 498 774 ab
514 710 648 773 Ecclesia
663 707 840 789 prohibetur
857 725 894 768 no
909 704 1062 776 vandalus

84 798 182 861 oleum
196 798 390 862 benedictum
404 805 435 864 oi
450 803 481 864 S.
500 799 646 872 Ghrisma,
662 797 752 860 etiam
765 793 866 878 quoad
883 793 1056 869 materiam,

85 887 124 950 ob
138 880 308 968 periculum
325 888 356 950 iu
370 888 419 950 tali
438 889 612 952 venditione
626 887 750 950 insitum
767 903 806 946 oe
821 883 896 945 ratio
915 882 1058 944 habeatur

85 977 321 1040 consecrationis
334 977 365 1038 in
380 978 580 1040 aestimatione
589 977 673 1059 pretii
687 979 765 1056 (cap.
780 974 897 1057 linquo
908 975 961 1045 16,
973 969 1007 1031 de
1021 969 1059 1031 si·

86 1065 199 1141 monr'ci3
211 1071 318 1130 elcan.
335 1067 457 1131 Placuit
469 1073 538 1142 101,
554 1085 645 1130 causa
656 1073 690 1142 1,
706 1086 736 1147 q.
757 1067 839 1144 i).-
856 1067 931 1126 ilem
945 1069 1059 1127 vetatur

86 1153 198 1236 aliquid
209 1155 346 1236 accipere
361 1157 451 1220 etiam
467 1163 572 1239 sponte
586 1155 721 1217 oblatum
735 1173 790 1235 pro
802 1154 941 1216 examine
952 1155 990 1215 ad
1004 1171 1059 1234 po-

87 1243 236 1306 rochiales
261 1244 402 1309 ecclesias
421 1245 549 1330 (concii.
573 1244 669 1322 Trio,
691 1262 765 1308 sess.
786 1248 844 1321 24,
872 1262 901 1306 c.
931 1247 988 1318 i8,
1016 1241 1061 1305 De
1114 1275 1116 1280 ,

88 1332 176 1414 rel)-
497 1399 499 1404 ,

125 1425 199 1486 881.
221 1422 345 1494 Quaerit.
359 1427 391 1485 1·
404 1424 535 1497 Qualiter
548 1424 694 1488 committi
709 1423 802 1506 possit
813 1423 942 1486 simonia
955 1441 1008 1505 pro
1019 1421 1060 1483 in-

85 1529 195 1594 gressu
210 1509 453 1591 irreligionem?

126 1602 220 1679 Resp.
237 1600 358 1662 Certum
372 1609 492 1664 estesse
502 1603 662 1663 simoniam
675 1600 786 1681 aliquid
801 1601 873 1662 dare
884 1607 913 1662 et
927 1601 1061 1681 accipere

88 1709 145 1772 pro
157 1692 297 1770 ingressu
308 1689 339 1751 in
351 1691 566 1754 monasterium
581 1690 659 1772 (cap.
676 1688 766 1764 Quam
775 1689 827 1770 pio
837 1694 866 1762 1,
881 1707 970 1751 eausa
985 1695 1014 1765 t,
1029 1709 1059 1770 q.

88 1783 119 1858 23
137 1797 206 1859 cap.
223 1778 293 1841 Non
310 1780 393 1856 sotis,
417 1787 449 1844 et
466 1799 533 1860 cap.
561 1779 691 1852 Veniens,
705 1778 740 1839 cle
755 1779 907 1856 simonio),
924 1777 1063 1860 quiahoc

88 1874 171 1932 esset
184 1867 314 1930 vendere
325 1870 443 1930 Statum
458 1869 645 1949 religiosum.

128 1955 190 2020 Sed
212 1957 337 2038 quaestio
351 1965 396 2018 est
409 1976 447 2018 an
463 1959 551 2020 liceat
563 1955 675 2036 aliquid
690 1955 825 2036 accipere
839 1975 894 2037 pro
910 1963 1061 2020 sustenta-

90 2051 174 2113 tione
188 2045 352 2127 ingressuri
367 2065 374 2106 :
392 2047 483 2127 porro
493 2053 611 2108 certum
627 2051 687 2106 est:
701 2050 732 2107 1ο
745 2063 832 2125 posse
843 2045 955 2128 aliquid
970 2047 1063 2129 recipi

90 2155 147 2220 pro
160 2135 312 2196 alimentis
324 2140 460 2215 tempore
476 2135 633 2196 novitiatus
642 2134 746 2213 (Trio,
765 2154 839 2198 sess.
853 2139 903 2213 25,
915 2154 943 2198 c.
962 2141 1010 2214 to,
1021 2137 1064 2198 De

92 2226 182 2307 rep).
197 2227 231 2287 2⁰
245 2224 367 2284 Certum
383 2231 428 2284 est
442 2243 530 2304 posse
539 2224 652 2304 aliquid
668 2225 759 2305 recipi
777 2243 831 2306 pro
848 2226 1063 2290 sustentatione

93 2313 269 2397 professuri,
285 2313 309 2374 si
325 2315 539 2376 monasterium
553 2315 590 2375 sit
601 2314 699 2396 inops,
711 2314 781 2395 quia
794 2315 826 2374 in
836 2314 893 2376 hoc
907 2333 978 2378 casu
992 2317 1065 2380 reci·

92 2405 226 2487 piendus
249 2402 368 2464 nullum
386 2409 431 2464 est
445 2402 602 2466 habiturus
620 2406 670 2483 jus
688 2404 725 2466 ad
740 2403 819 2464 bona
833 2423 901 2483 quae
914 2412 1063 2468 monaste·

93 2496 174 2558 rium
189 2510 252 2555 non
271 2492 377 2552 habet:
393 2493 433 2554 ita
447 2493 665 2568 communiter3
681 2500 710 2554 et
727 2492 765 2552 ad
778 2493 836 2553 hoo
859 2511 920 2552 non
936 2495 1064 2574 requiri·

92 2591 142 2648 tur
164 2587 247 2644 arcta
266 2579 439 2656 necessitas,
459 2581 511 2643 sed
531 2581 640 2643 suffieit
660 2581 742 2662 quod
763 2581 978 2643 monasterium
1002 2601 1062 2644 non

92 2672 188 2754 possit
200 2671 275 2733 olias
292 2670 452 2732 commode
466 2670 608 2731 alimenta
625 2669 846 2751 postulantibus
861 2670 1063 2751 suppeditare,

91 2765 124 2826 ³⁰
137 2762 264 2824 Certum
284 2763 331 2821 est
346 2775 433 2837 posse
447 2759 562 2839 aliquid
581 2759 673 2839 recipi
685 2760 708 2820 si
725 2759 915 2838 recipiendus
928 2760 1065 2822 111111111-

92 2847 543 2929 musaeum,taroustngento,
552 2848 948 2928 etc.,inconrpensationem
958 2868 1067 2930 nempe

92 2937 283 3003 incommodi
298 2939 472 3018 temporalis
487 2937 569 3018 quod
584 2945 657 2999 tunc
670 2937 842 2998 subiturum
857 2943 901 2998 est
916 2944 1067 2999 monaste-

90 3031 187 3105 rium,
199 3027 245 3089 rel
256 3024 406 3088 servitutis
417 3046 507 3107 quam
519 3026 872 3104 aliussanusvcljuvenis
884 3027 1069 3107 praestiturus

91 3118 216 3182 luisset:
237 3116 276 3176 ita
297 3133 415 3178 omnes.
437 3121 470 3177 1·
495 3117 615 3176 Certum
633 3124 678 3177 est
695 3134 782 3196 posse
804 3115 916 3197 aliquid
936 3116 1032 3195 accipi
1052 3118 1069 3178 a

92 3204 287 3270 monasteriis
305 3203 499 3280 monialium,
515 3221 553 3266 ex
566 3207 762 3266 concessione
782 3205 876 3266 Ciern.
905 3206 979 3276 Viti,
999 3206 1069 3286 quia

92 3293 279 3358 monasteria
294 3293 473 3355 monialium
486 3293 604 3355 iaciiiirs
619 3303 689 3355 sunt
701 3294 831 3353 obnoxia
844 3292 968 3354 diversis
980 3295 1070 3356 intor-

92 3384 200 3458 tuniis,
214 3388 248 3444 ut
261 3382 445 3462 experientia
457 3389 582 3444 constat.
594 3386 629 3443 5⁰
641 3382 717 3443 Dicit
732 3382 885 3443 Reiffenst.
902 3382 964 3458 1111).
976 3387 1007 3461 5,
1023 3387 1067 3448 tit.

91 3475 132 3547 3,
153 3469 350 3544 Haimoniai,
371 3479 404 3532 n·
422 3477 490 3548 183)
511 3489 597 3552 posse
621 3491 637 3530 o
658 3471 810 3550 regulares
826 3473 885 3530 tim
903 3472 955 3532 viri
977 3476 1069 3554 quam

97 3583 113 3621 1
134 3559 280 3622 mulieres
290 3561 466 3640 quorumvis
480 3559 841 3634 monasteriorum,etiam
852 3559 1069 3635 divitum,oum

97 3671 114 3710 1
135 3649 314 3732 perentibus
328 3648 438 3731 pacisci
452 3656 482 3710 ct
500 3667 621 3728 exigere
635 3658 746 3710 certam
762 3650 959 3729 quantitatem
974 3669 1069 3729 pecu-

97 3762 114 3800 1
136 3741 271 3817 uiarum,
287 3739 332 3800 vei
349 3739 477 3798 aliorum
492 3738 642 3799 bonorum
658 3739 882 3819 temporalium,
894 3738 951 3798 sub
965 3737 1070 3798 condi·

98 3849 117 3890 1
134 3831 221 3893 tione
231 3837 264 3891 ut
278 3835 417 3906 susccpta
426 3827 463 3890 ad
474 3828 650 3907 religionem
659 3836 690 3889 et
700 3827 831 3906 professa
842 3844 970 3906 persona
986 3825 1070 3888 omni

1259 496 1268 705 i
