2574 4198
199 289 257 350 618
472 303 623 349 sennense
645 303 729 348 aunis
752 301 900 348 canonici.

200 401 307 461 minari
325 400 416 463 debet
425 421 461 464 ex
471 401 662 464 facultatibus
671 400 844 463 Ecclesiaeet
853 398 918 462 aliis
931 398 1176 487 circumstantiis,

201 489 366 569 praesertirn
382 509 417 553 ex
434 491 609 552 necessitate
623 489 823 569 indigentium
839 487 930 550 :ratio
944 492 990 550 esi
1001 487 1074 568 quia
1087 492 1177 558 ntise·

201 578 326 640 ricordia
341 585 371 640 el
385 581 479 660 pietas
491 586 635 661 expetunt
646 585 680 640 ut
694 578 767 639 tales
781 577 974 657 elargitiones
985 576 1078 640 liant:
1092 578 1175 645 ided-

198 685 258 747 que
268 667 347 729 bona
362 668 628 730 ecclesiasticaboc
637 672 931 748 oneregravatasunt
943 664 1029 744 (Can.
1042 667 1169 753 Aurum,

198 773 289 817 causa
303 759 352 832 lb,
364 777 395 837 q.
409 761 458 840 2),
470 765 555 819 eleas
569 757 666 818 iacere
680 756 810 836 pertinet
817 753 983 836 prasertim
993 753 1031 816 ad
1040 773 1093 818 eos
1103 759 1168 838 qui-

199 844 255 906 bus
269 847 413 927 competit
431 847 524 928 plena
535 844 759 906 administratio
774 844 804 905 in
827 843 1044 924 temporalibus
1064 851 1097 907 et
1118 850 1164 928 spi

199 935 380 1010 ritualibus,
404 937 508 1016 quales
522 941 593 997 sunt
618 933 757 1015 inprimis
782 933 942 1013 Episcopi3
963 932 1055 996 talem
1069 943 1175 998 autem

199 1041 260 1085 non
270 1023 381 1085 habent
396 1031 571 1104 potestatem
584 1022 841 1086 administratores
855 1020 1023 1098 inferiores,
1033 1041 1061 1084 v.
1078 1044 1109 1105 g.
1123 1027 1175 1087 Fa-

199 1111 373 1189 bricarum3
402 1120 531 1175 rectores
551 1119 654 1174 tamen
682 1110 902 1172 beneficiorum
928 1110 1069 1173 videntur
1085 1132 1175 1193 posse

198 1201 403 1282 eleemosynas
412 1203 459 1264 vel
472 1201 650 1263 donationes
663 1199 1174 1281 quasdamrenruneratoriaslacere
1189 1222 1194 1226 ·
1226 1239 1228 1244 ·

198 1291 281 1369 juxta
295 1309 384 1352 usum
398 1297 428 1352 et
440 1291 615 1372 exigentias.
626 1291 693 1352 lmd
702 1289 725 1350 si
737 1290 827 1350 instat
836 1289 999 1352 necessitas
1013 1308 1022 1351 z
1038 1309 1067 1354 v.
1085 1311 1131 1372 g„
1148 1293 1174 1356 si

199 1380 293 1442 larnes
306 1380 462 1460 regionem
475 1387 604 1462 premat,
619 1385 747 1461 possunt
758 1378 885 1452 Pcaelati
901 1379 990 1440 etiam
1002 1379 1172 1444 immobilia

199 1468 386 1531 ammobilia
414 1470 542 1550 pretiosa
555 1468 711 1543 alienare,
736 1466 827 1528 etiam
848 1466 961 1548 absque
981 1467 1174 1550 beneplacito

201 1558 383 1639 apostolico,
396 1558 421 1619 si
435 1557 472 1619 de
482 1557 561 1619 facili
577 1558 658 1638 Papa
669 1556 816 1618 adirinon
830 1562 931 1638 posset
942 1575 1000 1621 nec
1008 1558 1096 1622 aliter
1106 1579 1174 1642 pos·

199 1646 606 1728 selpauperibusprovideri.

238 1739 307 1799 773.
331 1737 453 1809 Quaerit.
477 1739 508 1798 1ο
529 1739 574 1796 An
603 1734 717 1816 absque
730 1734 968 1798 solemnitatibus
980 1754 1036 1817 pro
1057 1737 1173 1802 aliena·

199 1827 281 1887 tione
294 1825 444 1887 bonorum
457 1825 598 1886 Ecclesiae
614 1823 785 1905 requisitis,
801 1825 943 1886 Praelatus
970 1825 1065 1906 possit
1084 1845 1172 1909 repu-

198 1913 280 1975 diare
292 1913 553 1976 haereditatemaul
562 1913 754 1976 donationem
765 1913 906 1976 Ecclesia
916 1913 1037 1990 factam,
1046 1917 1172 1996 quando

199 2004 297 2083 agitur
311 2001 349 2062 de
363 2019 395 2062 re
406 2001 566 2077 immobili,
582 2008 635 2063 aut
648 2001 686 2062 de
697 2020 729 2063 rc
744 2002 1014 2083 mobilipretiosa?

240 2095 328 2170 ltesp.
342 2093 373 2150 1ο
387 2089 509 2150 Certum
522 2106 587 2150 esse
605 2089 844 2170 repudiationem
860 2091 941 2152 illam
955 2091 1089 2156 illicitam
1104 2114 1171 2161 esse

198 2179 399 2259 Ecclesiaeque
412 2179 599 2256 injuriosam,
609 2178 632 2239 si
642 2177 693 2240 fiat
702 2179 816 2261 absque
825 2181 1171 2259 ‹ausajusttmio'enim
1276 2247 1277 2250 ,

198 2268 331 2331 Ecclesia
344 2269 475 2350 privatur
485 2268 565 2330 bono
579 2268 616 2329 ad
630 2268 710 2349 quod
719 2270 770 2348 ius
782 2270 863 2330 certe
874 2269 973 2333 habet.

237 2364 269 2420 2⁰
292 2363 337 2419 An
354 2366 454 2420 autern
467 2357 516 2419 illa
531 2358 698 2440 repudiatio
708 2359 745 2419 sit
758 2359 865 2420 saltem
875 2359 997 2424 valida?
1010 2395 1048 2410 -
1064 2364 1171 2430 Plures

199 2447 368 2526 affirmant,
385 2449 456 2529 quia
468 2449 498 2508 in
514 2447 571 2509 hoc
584 2466 645 2509 non
666 2447 822 2509 intervenit
834 2467 901 2510 vera
916 2450 1057 2513 alienatio
1073 2503 1081 2525 ,
1097 2457 1169 2518 cbm

198 2557 246 2600 res
269 2537 404 2600 nondum
428 2543 589 2617 acceptata
611 2555 672 2598 non
699 2537 758 2598 sint
785 2537 841 2599 sub
859 2537 996 2602 dominio
1014 2543 1167 2609 Ecclesiae.

199 2627 272 2687 Vide
286 2625 428 2688 eumdem
442 2626 596 2688 Reiffenst.
609 2626 660 2706 qui
674 2626 704 2686 in
720 2626 927 2706 probationem
939 2629 1026 2693 affert
1039 2633 1074 2694 L.
1088 2634 1169 2698 Alte·

197 2715 326 2776 aetionis
340 2719 389 2787 28,
404 2713 451 2793 ff.,
464 2715 507 2775 De
521 2711 599 2777 vera
614 2715 744 2796 sr‘pnific.
1130 2779 1134 2784 ,

240 2805 294 2865 atti
311 2809 439 2885 negant:
457 2807 489 2865 1ο
504 2805 580 2876 Quia
593 2804 736 2873 Ecclesia,
750 2805 839 2867 etiarn
853 2806 918 2870 sine
928 2809 1050 2890 speciali
1064 2831 1167 2897 accep

196 2893 289 2970 tione,
303 2894 474 2954 dominium
490 2893 617 2975 acquirit
634 2911 735 2954 rerum
753 2893 809 2954 sibi
829 2895 994 2976 legatarum
1007 2900 1056 2962 vel
1070 2902 1166 2966 dona-

196 2991 305 3053 tarum,
323 2982 404 3044 unde
423 2981 591 3060 repudiatio
611 2999 714 3043 earum
730 2990 774 3043 est
787 3001 856 3045 vera
870 2985 1009 3050 alienatio
1025 3007 1033 3050 ε
1049 2993 1165 3056 sedilia

197 3072 284 3148 ratio,
299 3070 324 3132 si
338 3078 443 3150 agatur
454 3068 492 3129 de
503 3069 676 3144 donatione,
690 3088 797 3150 parum
809 3073 926 3152 probat,
938 3078 1008 3138 cum
1023 3081 1166 3159 probabi-

196 3159 255 3220 lius
274 3159 409 3221 videatur
435 3157 599 3219 Ecclesiam
628 3177 689 3221 non
716 3163 872 3240 acquirere
896 3163 1068 3229 dominium
1095 3178 1167 3235 ante

195 3247 429 3326 acceptationem
443 3246 487 3308 rei
500 3246 636 3318 donatoe;
653 3249 677 3309 si
698 3250 769 3310 verb
787 3253 984 3331 ageretnr'de
1001 3273 1034 3317 re
1055 3257 1164 3339 legata,

196 3336 295 3397 statim
309 3337 442 3397 Ecclesia
455 3335 583 3417 acquirit
596 3336 781 3414 dominium;
797 3345 830 3400 2⁰
841 3341 911 3421 quia
924 3361 958 3404 en
972 3344 1005 3406 L.
1019 3344 1163 3428 11119115,

195 3425 241 3499 ii„
259 3423 304 3485 De
322 3424 392 3486 ael.
412 3443 512 3486 eorum
533 3427 586 3506 qui
600 3425 653 3486 aab
672 3434 741 3503 tat„
756 3430 923 3508 repudiatio
941 3432 1028 3513 legati
1048 3437 1164 3517 pupilla

195 3512 289 3573 relicti
305 3512 417 3593 absque
432 3513 570 3574 Praetoris
589 3512 710 3575 decreto
725 3533 786 3577 non
800 3517 893 3593 valet,
908 3521 974 3580 calm
990 3540 1037 3583 res
1050 3525 1094 3584 sit
1104 3545 1163 3608 pn·

192 3600 271 3682 pilli
274 3620 284 3674 ;
300 3604 389 3680 porro
404 3602 537 3663 Ecclesia
545 3603 614 3681 iure
629 3603 782 3665 minorum
796 3612 826 3666 et
841 3608 1023 3686 pupillorum
1038 3615 1160 3693 gaudet.

194 3687 269 3749 Vide
288 3688 375 3750 Card.
396 3689 497 3769 Snglia
513 3690 600 3770 (last.
616 3690 684 3770 jur.
701 3693 798 3772 prin,
816 3692 834 3772 ᾗ
855 3698 922 3770 111,
941 3701 1036 3760 uersis
1047 3703 1160 3782 finem),

193 3777 265 3838 Haec
281 3775 414 3839 secunda
429 3777 503 3838 ratio
518 3779 664 3856 majorem
679 3781 739 3840 virn
757 3781 903 3859 probandi
918 3783 1029 3848 habere
1045 3791 1161 3856 videtui·
