2552 4204
491 259 578 304 tissa
597 259 731 305 verrius.
1036 248 1096 308 709

117 384 178 428 uon
190 363 312 446 expedit
324 362 368 424 sic
381 360 535 423 absolvere
549 379 557 420 z
575 359 644 421 ideo
657 359 759 420 illicita
774 359 812 421 de
825 378 858 421 se
871 359 939 421 telis
953 365 998 422 cst
1008 360 1098 424 abso·

118 454 209 530 lutio‚
229 452 369 532 quamvis
384 469 421 512 ex
435 448 536 528 aliqul
549 451 640 510 causa
661 448 755 527 possit
767 447 968 510 cohonestari.
985 451 1015 511 Si
1031 450 1102 530 quis

118 541 220 605 dicat:
240 539 366 602 Absolve
386 546 426 612 te,
439 538 467 600 ai
485 538 570 598 intra
592 557 714 599 mensem
735 537 840 610 soloas,
857 537 932 600 tacta
949 538 1098 602 solutione

119 631 195 692 iutra
210 631 325 692 dictum
341 638 472 708 tempus,
489 627 603 688 tollitur
614 643 754 688 censura.

157 722 230 782 838.
253 717 378 790 Quaerit.
392 721 425 777 7⁰
441 719 487 776 An
499 716 609 776 absens
623 715 717 795 possit
731 716 747 775 a
760 716 889 777 censura
901 715 999 778 solvit

158 809 252 887 Resp.
272 805 454 867 Affirmative
469 807 545 886 (cap.
561 804 606 866 Dc
618 804 777 884 manifestet
793 809 878 875 l7‚c.
896 809 925 880 2,
941 824 972 885 q.
989 808 1017 879 l;
1029 823 1097 886 cap.

122 893 238 970 Oronte
256 899 295 969 8,
323 913 350 956 c.
374 898 410 970 Ξ,
431 912 461 974 q.
484 892 529 973 5).
553 893 611 954 Sed
637 893 701 954 sine
721 894 811 955 causa
839 893 957 973 urgenti
991 893 1100 956 absens

121 985 236 1046 absolvi
252 1002 313 1045 non
329 983 427 1044 ileliet.
447 981 519 1042 Etsi
537 982 709 1042 obtineatur
722 981 870 1043 absolutio
884 1000 937 1062 per
951 999 1094 1062 procura-

121 1079 219 1134 torem
234 1121 242 1142 ,
258 1072 349 1132 debet
365 1071 421 1131 iste
436 1069 547 1132 babere
564 1070 741 1132 mandatum
755 1070 905 1152 speciale,
920 1075 950 1133 et
963 1077 1100 1134 constare

121 1159 213 1222 debet
227 1161 267 1222 de
279 1159 502 1221 emendatione.

163 1251 289 1321 Quaerit.
306 1252 338 1310 8⁰
355 1252 400 1308 An
422 1247 486 1309 dari
511 1246 605 1327 possit
625 1245 773 1310 absolutio
793 1247 831 1310 ad
847 1247 1098 1328 reincidentiam,

121 1345 154 1418 ct
167 1355 207 1398 an
222 1347 297 1399 tunc
311 1337 483 1418 requiratur
497 1355 575 1398 nova
588 1337 677 1417 culpa
689 1336 727 1398 ad
737 1337 988 1400 reincideudoml

162 1427 255 1507 Resp.
271 1425 317 1485 Ad
329 1429 367 1485 l*
383 1423 568 1501 aflirmative,
579 1443 651 1486 casu
662 1443 772 1505 nempe
785 1443 846 1506 quo
856 1424 1003 1488 absolutio
1013 1428 1100 1492 (latur

122 1513 182 1577 sub
199 1522 283 1575 certo
297 1531 406 1588 onere,
421 1531 482 1594 quo
504 1531 567 1574 uon
585 1513 711 1594 impleto
731 1514 809 1574 intra
826 1521 942 1574 certum
960 1520 1091 1596 tempus¹

122 1621 256 1670 censura
270 1603 427 1663 reviviscit.

164 1693 257 1773 Resp.
276 1689 321 1750 td
334 1693 373 1750 ἓ·
390 1691 475 1771 juxta
489 1690 681 1768 Samarium,
696 1707 758 1750 non
776 1690 889 1770 requiri
903 1695 978 1752 tunc
992 1709 1097 1756 novam

123 1781 248 1862 culpam
259 1826 266 1854 ‚
278 1779 348 1858 quia
362 1785 463 1839 manet
477 1779 582 1840 eadem
597 1795 743 1850 censura,
760 1795 828 1858 quae
841 1796 902 1838 non
915 1778 970 1838 luit
984 1780 1098 1846 sublata

125 1869 184 1930 nisi
208 1867 266 1929 sub
282 1868 465 1928 conditione.
486 1869 538 1926 Est
557 1871 659 1927 tanren
673 1865 730 1926 alia
745 1865 892 1926 sententia
904 1885 974 1946 quae
991 1870 1101 1947 proba·

124 1957 215 2020 bilior
236 1955 346 2018 dicitur
369 1957 388 2016 b
410 1955 441 2017 S.
462 1955 583 2034 Liguor.
606 1961 636 2016 et
663 1971 731 2034 quae
750 1954 837 2016 docet
856 1957 968 2034 requiri
989 1975 1099 2020 novam

124 2045 270 2126 eulpam:
295 2045 367 2122 quia
389 2043 487 2124 prima
507 2061 635 2104 censura
658 2061 718 2104 non
737 2051 834 2124 potest
855 2043 914 2104 dici
936 2053 1097 2125 suspensa,

126 2133 182 2194 nisi
200 2133 375 2194 auctoritate
392 2130 559 2208 Pontificis,
577 2138 606 2193 et
618 2131 687 2192 ideo
708 2131 773 2194 sine
790 2135 867 2193 nova
880 2133 968 2214 culpat
982 2137 1097 2198 renasci

124 2241 189 2284 uon
207 2229 315 2301 potest.

163 2315 236 2373 839.
265 2309 386 2380 Quaerit.
415 2313 448 2370 9⁰
472 2311 518 2368 An
544 2307 658 2370 habens
684 2312 860 2390 potestatem
883 2309 1098 2373 absolvendis

124 2400 256 2462 censurt
274 2399 305 2458 iu
331 2397 396 2458 loro
417 2397 609 2458 conscientiae
626 2399 719 2478 possit
740 2396 771 2458 id
792 2395 890 2457 lacere
911 2400 1002 2460 etiam
1017 2411 1098 2462 extra

124 2486 373 2550 contessionem?

165 2578 254 2654 Resp.
267 2573 579 2653 ltegulariterneg.-
592 2573 728 2635 Dicimus
748 2579 849 2634 tamen
870 2573 900 2635 id
928 2573 992 2636 lieri
1011 2595 1098 2659 posse

125 2664 253 2745 quando
274 2681 336 2724 non
356 2665 454 2742 agitur
476 2661 514 2722 de
527 2661 647 2724 casibus
661 2662 818 2743 papalibus
833 2681 843 2724 ι
856 2663 924 2725 vide
937 2664 1097 2747 Manuale,

125 2763 162 2816 rot
174 2754 266 2814 6478.

166 2843 240 2902 sto.
264 2840 385 2910 Ouarrit.
414 2842 464 2901 10⁰
490 2841 535 2900 An
557 2837 651 2898 valida
678 2837 715 2898 sit
735 2835 882 2899 absolutio
902 2857 1097 2904 censurarum

125 2935 346 2990 reservatarum
368 2931 488 3007 accepta
510 2925 589 2986 bont
607 2925 666 2987 fide
686 2925 704 2986 b
727 2925 909 2988 confessario
931 2929 983 3008 qui
1009 2932 1099 2992 talem

127 3035 191 3079 uon
207 3016 297 3076 habet
310 3008 511 3095 potestatem?

168 3106 260 3187 Resp.
276 3103 307 3166 si
321 3121 404 3164 error
416 3102 497 3164 circa
510 3105 687 3182 potestatem
702 3099 874 3164 consessorii
889 3123 950 3166 non
965 3103 1001 3164 sit
1011 3122 1099 3166 covu-

128 3209 250 3267 mums‚
279 3190 331 3253 sed
349 3191 447 3253 solum
470 3190 616 3270 privatus,
636 3189 765 3251 invalida
784 3195 829 3252 est
846 3191 913 3252 talis
933 3192 1097 3272 absolutio,

127 3279 186 3344 etsi
201 3297 263 3342 nim
278 3289 381 3360 peoect
394 3278 546 3357 accipiens
559 3277 599 3337 ob
613 3295 698 3338 suam
711 3277 822 3337 bonam
839 3278 948 3340 tidem:
965 3283 1041 3344 ratio
1055 3289 1099 3351 est

128 3371 202 3450 quia
218 3368 300 3430 nulla
309 3372 356 3430 est
368 3367 401 3428 iu
412 3363 594 3430 confessario
609 3372 739 3444 potestas
752 3383 788 3426 ex
802 3365 976 3447 hypothesi,
989 3377 1019 3432 et
1034 3371 1100 3434 nul*

131 3457 184 3518 libi
197 3456 314 3518 videtur
328 3453 410 3535 quod
423 3452 550 3516 ecclesia
563 3452 699 3533 suppleat
708 3453 807 3531 ¹talem
821 3453 971 3520 delectum
992 3458 1031 3520 ob
1045 3477 1097 3521 so-

131 3545 198 3608 lum
211 3560 344 3607 amram
359 3542 517 3623 privatum.

171 3631 204 3696 Si
216 3630 288 3695 verb
299 3647 385 3695 error
397 3629 435 3692 sit
449 3632 621 3692 communis
637 3633 666 3690 ei
679 3628 878 3696 confessarius
890 3634 979 3715 vulgt·
994 3633 1098 3694 lmlrea·

129 3735 182 3783 tor
192 3725 226 3784 ut
240 3715 372 3799 legitime
380 3723 574 3800 approbatus,
580 3717 676 3780 valida
688 3725 734 3781 est
743 3719 1095 3784 absolutiocensnmrum

159 3821 188 3862 r.
205 3823 224 3863 n
940 3813 952 3857 v
