2552 4204
172 325 233 391 688
481 347 636 396 eoeneum
658 345 738 394 runis
760 345 911 393 concuret.

171 462 258 537 dicii,
276 463 438 528 absolvere
453 465 596 529 subditos
611 465 791 544 acensuris,
809 483 875 528 non
902 465 977 529 verd
998 463 1149 544 iudiciali

171 567 227 618 ter.
247 551 290 633 (S.
310 553 446 632 Lignor..
461 555 517 616 lib.
534 555 563 632 7,
579 555 694 636 6061.)

209 647 244 703 6ο
261 642 301 704 Ut
313 659 473 707 censuram
484 645 585 726 ferens
600 645 694 708 litere
702 649 853 726 apotome
866 643 961 708 coacte
977 645 1064 723 (cap.
1082 641 1157 704 dnm

171 734 334 806 volontate,
348 735 481 799 licceat.
500 737 751 815 excommunic.);
768 735 873 799 verilis
895 745 1000 796 tanmn
1023 751 1157 794 censurn

171 824 307 903 engrati
326 825 483 887 metulata
496 826 664 900 validaest‚
683 834 713 886 et
727 827 752 889 si
763 825 885 897 illicita,
897 828 1159 906 quiametusnou

170 912 552 976 tollitvolnntarium.Sed
562 913 718 976 absolutio
727 913 1070 994 censurae‚injnsteper
1091 930 1160 974 me⁴

171 1015 238 1066 tum
252 1009 384 1080 extorta,
400 1012 446 1065 est
462 1003 601 1068 invalide
614 1023 651 1066 eu
666 1023 737 1086 cap.
753 1005 958 1070 disolationis
971 1007 1014 1069 [lc
1031 1003 1080 1068 leit
1091 1019 1162 1086 pnoe

152 1068 211 1170 lot,
227 1105 301 1168 etc,
319 1095 349 1154 in
365 1093 409 1154 6⁰.

210 1200 372 1273 Similiter,
385 1198 663 1262 ierenscensmam
685 1201 991 1280 agerenondebetex
1005 1199 1083 1266 odio
1098 1207 1158 1265 aut

171 1289 321 1361 vindict,
345 1298 400 1350 eut
421 1289 488 1351 solo
504 1289 650 1354 amicitiae
665 1291 768 1365 titulo,
786 1299 839 1352 aut
854 1291 886 1351 in
903 1291 1031 1372 propria
1046 1290 1158 1368 causa,

170 1376 232 1440 nisi
248 1379 458 1440 necessarium
472 1375 564 1438 luerit
575 1379 613 1440 ed
628 1380 797 1452 legitimam
813 1379 1030 1441 defensionem
1042 1389 1163 1464 contra

170 1467 322 1546 injustum
336 1485 545 1544 agressorem:
559 1467 710 1548 alioquin.
727 1467 838 1530 saltem
855 1467 963 1530 illicite
973 1470 1157 1535 eritcensu-

169 1574 214 1628 re,
240 1565 271 1617 et
297 1555 388 1617 facile
413 1559 595 1635 contingere
618 1558 733 1639 poterit
756 1567 789 1620 ut
811 1559 851 1620 sit
872 1559 968 1622 ctiam
996 1559 1098 1638 nulla,
1129 1562 1157 1624 si

169 1661 283 1726 nempe
293 1646 379 1728 justa
393 1663 489 1709 causa
503 1646 636 1710 deesset.

614 1792 627 1865 5
649 1787 700 1854 ill.

403 1926 444 1992 le
453 1944 522 2008 coos
536 1929 617 2008 ferri
627 1930 746 2009 possint
759 1947 902 1995 censure.

199 2073 274 2168 816.
285 2067 324 2131 Ut
334 2067 406 2147 quis
420 2071 554 2130 censura
567 2069 657 2150 ligeri
674 2075 782 2152 possit,
796 2075 936 2156 quinque
952 2075 1154 2164 conditiones

165 2165 391 2238 requiruntur:

206 2257 239 2314 10
253 2253 291 2316 Ut
305 2254 346 2314 sit
363 2254 465 2316 ltomo:
482 2257 627 2319 interdici
643 2260 773 2338 quidem
787 2269 920 2341 possunt
932 2261 1012 2337 loce,
1028 2263 1085 2328 sed
1098 2281 1153 2332 to-

168 2341 385 2405 lummodoob
403 2362 564 2423 personas.
654 2357 657 2364 '
959 2362 965 2366 ·

206 2430 237 2492 2⁰
259 2429 297 2494 llt
312 2431 351 2492 sit
369 2433 555 2512 baptizatus:
573 2437 658 2516 qnia,
674 2437 827 2520 alioquin,
855 2449 983 2504 nonest
1002 2442 1154 2510 Ecclesiae

137 2544 140 2549 ·
164 2519 322 2583 subditus.

205 2609 238 2672 3ο
252 2607 289 2670 Ut
303 2609 343 2671 sit
358 2611 484 2672 rationis
493 2629 625 2692 compos:
640 2613 723 2676 unde
737 2617 1152 2701 puerietperpetudamen-

166 2709 212 2760 tes
225 2705 300 2760 sunt
314 2699 479 2779 incapaces
489 2719 639 2765 censure.
660 2704 704 2765 llli
722 2703 796 2770 verd
810 2709 865 2790 qui
885 2709 925 2770 ad
938 2722 1064 2792 tempus
1079 2721 1149 2776 tan-

117 2828 120 2834 ·
167 2789 233 2849 tium
244 2787 531 2862 rationeeareot‚ut
540 2795 726 2856 amentesad
739 2804 874 2877 tempus
887 2799 1151 2873 ebriidormien·

168 2887 221 2950 tes,
245 2875 276 2936 hi
301 2877 440 2956 ligantur
454 2881 607 2953 censuris,
626 2883 651 2944 si
674 2892 891 2968 temporeque
909 2898 1000 2950 erant
1017 2891 1152 2955 rationis

163 2977 341 3044 compotes.
358 2984 485 3028 causam
506 2969 675 3034 dederunt.

205 3051 312 3126 Quoad
330 3055 511 3133 impuberes
523 3059 588 3119 doli
603 3079 735 3140 capaces
748 3062 819 3125 vide
834 3082 927 3147 supra
946 3066 1044 3143 (coel.

204 3141 237 3202 ἰν
254 3142 293 3204 Ut
307 3143 346 3204 sit
365 3144 503 3204 semotos
527 3148 577 3223 (en
598 3166 668 3222 cap.
695 3149 732 3214 Ut
759 3152 944 3230 animarum,
971 3159 1013 3220 Dc
1027 3161 1149 3224 comte.

166 3249 198 3290 tn
212 3231 272 3306 6·);
290 3229 378 3292 Unde
390 3231 421 3292 S.
437 3232 580 3296 Pontiiex
597 3241 707 3319 nequit
718 3245 850 3305 censure
867 3243 976 3324 ligor-u
995 3267 1053 3308 uec
1064 3248 1153 3329 Epis·

166 3319 380 3400 copiligantur
394 3325 536 3385 censuris
549 3326 588 3386 ab
607 3327 846 3406 ipsisemanatis
857 3350 865 3394 :
876 3335 901 3394 si
918 3352 973 3394 ver
987 3332 1153 3400 dcensurre

162 3411 228 3469 sint
243 3443 255 3466 ,ι
271 3409 354 3488 jore,
371 3429 423 3473 ees
439 3431 497 3474 nee
511 3415 605 3476 etiem
623 3421 790 3482 incurrunt
805 3421 950 3502 Episcopi
971 3439 1027 3484 aut
1042 3422 1153 3490 Cardi-

167 3497 255 3558 nales
268 3499 326 3560 nisi
339 3499 377 3560 de
389 3502 616 3580 ipsisexpressi
630 3509 749 3570 melitio
766 3509 830 3585 tint,
843 3529 882 3572 eu
897 3529 966 3592 cup.
982 3513 1150 3594 Qrtt‘apert'·

93 3590 95 3593 ’
162 3589 310 3661 colosum,
323 3589 366 3652 Dc
377 3597 504 3653 sentent.
521 3610 665 3658 caconem.
692 3596 723 3657 in
735 3601 780 3659 6⁰.
793 3599 855 3661 lloe
871 3611 978 3662 tanmn
995 3603 1154 3666 duntaxat

164 3673 401 3754 intelligidebet
414 3685 453 3741 de
465 3688 673 3761 suspensione
686 3696 716 3748 et
727 3687 912 3764 interdicto,
931 3689 971 3753 de
984 3693 1104 3768 quibus
1119 3692 1153 3754 lit
