2590 4208
165 245 184 309 6
433 268 587 314 acaunum
613 269 696 316 runis
714 271 860 322 ulnotllct.

166 381 311 443 Societati
326 385 459 448 omniuo
482 387 631 460 tradunt,
649 407 719 468 quae
738 388 810 451 illos
832 399 974 471 acceptet
998 394 1057 456 etsi
1073 413 1138 458 non

167 465 421 536 irrevocabiliter.
445 475 528 556 Ergo
543 477 671 540 traditio
690 479 749 550 sul,
776 496 794 537 a
817 479 1034 559 superioribus
1050 499 1139 546 acce-

156 565 267 639 ptata,
284 579 348 622 non
366 563 477 625 suflicit
499 564 538 648 ad
553 565 782 628 solemnitatem
797 575 955 629 votorum.

207 648 252 711 Ne
275 647 360 713 dicas
376 649 561 716 Societatem
581 672 644 716 non
660 653 805 732 seligere
825 673 898 734 erga
914 657 1138 737 scholasticoS‚

169 737 222 798 sed
239 755 364 805 servare
386 741 562 804 libertatem
583 743 655 806 illos
675 741 865 806 dimittendi.
883 744 962 807 Nam
989 746 1051 810 hoc
1074 765 1140 810 non

169 825 302 907 impedit
317 831 488 909 quominus
503 831 683 894 scholastici
698 833 877 906 omninose
893 833 1038 913 religioni
1054 836 1139 900 dedi·

170 923 259 992 cent3
276 917 379 992 itaut,
396 928 578 1001 acceptante
596 921 758 999 religione,
776 938 839 984 non
861 922 999 1002 amplius
1014 923 1141 988 valeant

170 1003 209 1065 de
223 1005 333 1086 seipsis
347 1007 515 1089 disponere
521 1029 530 1086 ;
550 1009 635 1070 unde
649 1009 681 1069 in
695 1025 772 1070 casu
793 1017 838 1070 est
851 1027 922 1072 vera
947 1011 995 1073 sul
1010 1009 1142 1076 donatio

171 1110 188 1153 a
203 1094 420 1174 superioribus
434 1106 605 1178 acceptata.
681 1109 683 1116 '

210 1181 370 1258 Praeterea,
392 1203 448 1265 per
469 1195 542 1249 rota
566 1187 729 1261 solemnia,
745 1187 902 1268 professus
921 1187 1090 1267 spoliatur,
1107 1189 1141 1252 in

169 1278 357 1348 perpetuum
384 1292 420 1335 ae
446 1274 606 1350 absolute,
630 1275 802 1356 capacitate
821 1276 885 1336 sive
910 1274 1053 1337 nubendi
1077 1278 1143 1339 sire

170 1355 254 1420 bona
267 1361 462 1442 acquirendi,
474 1371 530 1426 ele.
542 1384 551 1440 ;
564 1382 657 1446 porro
671 1381 765 1426 nemo
780 1363 1142 1444 capacitatehujusmodi

169 1453 272 1524 potest
290 1467 322 1511 se
337 1450 492 1532 spoliare,
524 1471 596 1514 cum
623 1471 659 1514 aa
676 1453 887 1532 situnicuique
912 1459 1062 1515 enatura
1092 1454 1141 1514 in·

169 1535 312 1614 haerens3
331 1539 385 1602 sed
401 1539 439 1602 ad
456 1542 517 1604 hoc
538 1542 709 1622 requiritur
721 1541 889 1603 auctoritas
904 1539 1043 1621 publica.
1058 1541 1142 1622 Ergo

167 1625 201 1686 1⁰
216 1624 345 1692 donatio
369 1633 417 1692 sul
434 1649 498 1692 non
518 1631 631 1693 sufficit
656 1638 691 1690 ut
711 1637 782 1692 rota
804 1629 866 1690 siut
880 1629 1058 1705 solemnia,
1085 1631 1141 1692 sed

166 1717 338 1780 auctoritas
347 1719 487 1799 publica,
500 1737 613 1800 nempe
628 1717 785 1795 Ecclesia,
801 1717 912 1780 adhoc
926 1717 1057 1798 insuper
1071 1717 1142 1780 exi·

164 1803 260 1884 gitur.

204 1891 351 1959 Secundo
366 1898 548 1960 solemnitas
569 1915 635 1959 non
659 1893 774 1975 pendet
793 1913 831 1956 ex
854 1893 959 1972 aliqua
986 1893 1138 1956 benedie-

164 1982 250 2044 tione
264 2002 319 2045 seu
334 1988 579 2048 consecratione.
597 1983 686 2059 Quod
700 1981 859 2046 evidentia
875 1989 960 2062 patet
982 2001 989 2044 :
1006 2001 1084 2046 nam
1098 2001 1136 2045 ex

164 2088 229 2132 una
258 2081 346 2152 parte
373 2083 445 2136 vota
467 2075 620 2136 solemnia
644 2089 711 2134 esse
727 2078 856 2149 possunt
875 2089 912 2131 ex
938 2068 1135 2150 professione

163 2177 235 2238 quae
249 2159 316 2222 siue
335 2160 553 2224 benedictione
568 2162 633 2236 fiat,
650 2159 795 2224 videlicet
819 2179 857 2222 er
879 2157 1072 2240 professione
1086 2169 1136 2222 ta·

162 2247 235 2323 cita,
252 2255 287 2310 ut
301 2258 422 2312 constat
438 2251 588 2313 Decretali
605 2249 688 2325 Quod
710 2256 807 2310 ectum
827 2246 979 2310 Bonifacii
993 2247 1084 2326 l'lll;
1105 2257 1137 2312 et

162 2355 199 2396 ex
215 2335 287 2416 alia,
297 2345 371 2412 sunt
385 2348 458 2402 vota
469 2339 622 2420 simplicia
635 2357 706 2418 quae
717 2339 779 2400 ritu
791 2336 882 2400 valde
895 2335 1030 2398 solemni
1045 2337 1135 2403 emit-

162 2434 272 2488 tuntur
290 2427 322 2488 in
337 2428 433 2493 variis
449 2427 616 2503 Instituta,
639 2426 756 2508 qulbus
775 2425 913 2487 Ecclesia
932 2441 997 2488 non
1018 2442 1133 2490 conee-

160 2515 206 2576 dit
220 2514 400 2579 facultatem
414 2517 536 2580 advola
552 2516 704 2579 solemnia
721 2513 918 2577 admittendi.
929 2513 1012 2593 Ergo
1028 2532 1135 2596 super·

159 2611 205 2664 est
222 2613 256 2666 ut
270 2606 450 2669 solemnitas
467 2615 610 2670 votorum
634 2622 672 2666 ex
693 2603 760 2667 sola
783 2602 1007 2672 constitutione
1022 2601 1133 2666 Eccle-

161 2695 213 2755 siae
230 2693 374 2773 pendeat.

197 2781 267 2847 927.
290 2782 336 2845 Ex
352 2783 402 2846 his
421 2784 509 2847 varia
526 2783 725 2846 deducuntur
739 2781 929 2846 consectaria
948 2798 955 2842 :

199 2873 230 2934 l⁰
252 2871 291 2934 Ut
313 2872 467 2936 solemnia
490 2874 553 2936 sint
567 2880 638 2935 vota
663 2869 808 2949 religiosa
831 2868 1005 2951 requiritur
1020 2875 1056 2930 ut
1072 2869 1131 2930 tria

157 2978 292 3025 numero
307 2961 380 3034 sint,
401 2961 587 3024 obedientiae
602 2959 731 3036 scilicet,
747 2959 898 3020 castilatis
912 2965 942 3019 et
957 2967 1130 3038 pauperta-

157 3053 206 3114 tis.
224 3051 263 3113 Ut
277 3057 396 3111 certum
413 3051 604 3133 principium
623 3050 684 3112 hoc
698 3047 794 3110 habet
809 3047 941 3128 ipsamet
955 3043 1051 3108 Curia
1070 3045 1127 3108 llo·

156 3157 262 3206 mana.

196 3229 287 3289 Anno
302 3226 387 3288 enim
411 3227 498 3304 lano,
522 3229 554 3290 in
578 3227 782 3310 responsione
797 3226 836 3290 ad
851 3225 1046 3306 Episcopum
1072 3222 1127 3285 Le-

156 3316 379 3391 movicensem,
396 3319 440 3380 sie
460 3320 503 3379 alt
522 3315 552 3380 S.
570 3317 803 3380 Poenilentiaria
827 3336 835 3380 :
862 3337 876 3376 n
898 3313 930 3376 Si
943 3313 1137 3393 hujusmodi·

153 3429 168 3468 n
195 3405 388 3488 paupertatis
412 3415 519 3469 votum
548 3405 689 3469 solemne
716 3413 863 3481 nonest,
892 3421 950 3466 neo
972 3399 1126 3464 solemnia

152 3515 168 3556 n
193 3493 312 3557 censeri
333 3504 463 3574 possunt
488 3494 611 3576 reliqua
630 3493 695 3557 duo
722 3504 794 3556 vote
818 3490 973 3566 castitalis,
989 3498 1020 3551 et
1045 3487 1124 3552 obe-

153 3605 170 3642 »
193 3583 344 3646 dientiaer
372 3585 490 3666 quippe
514 3601 587 3646 cum
608 3583 783 3646 secundum
804 3580 954 3644 solemnis
970 3575 1124 3656 religiose

151 3693 167 3731 ι
193 3670 392 3752 professionis
407 3679 555 3735 naturam
569 3679 664 3754 atque
676 3670 824 3734 Ecclesiae
836 3669 1047 3752 disciplinam,
1064 3681 1122 3727 ru-

142 3777 159 3818 »
186 3765 252 3820 tum
269 3778 389 3836 unum,
415 3761 482 3822 sine
511 3759 590 3838 elio,
623 3759 764 3823 solemne
790 3778 858 3823 esse
884 3776 947 3821 non
968 3759 1071 3836 polest
1091 3771 1122 3818 r.
