2574 4198
446 328 530 367 arasa
551 325 681 370 rannus.
820 323 822 336 ¹
991 317 1051 370 ott—t
1082 309 1085 314 '

112 419 251 499 Duplicis
261 421 381 500 generis
394 426 439 483 est
451 421 624 501 degradatio
639 441 646 481 :
661 421 788 483 verbalis
803 416 923 501 nempe,
939 438 1007 501 quaa
1018 421 1050 480 in

74 507 226 569 sententiat
240 508 392 584 consistit,
410 515 440 571 et
454 509 521 571 ideo
539 512 629 572 etiam
652 508 838 570 sententiolis
858 515 998 583 vocatur3
1023 513 1059 570 et-

74 595 167 658 realis
180 614 235 658 seu
249 597 387 658 solemnis
408 617 476 676 quae
496 599 586 661 etiam
611 605 804 678 nuncupatur
826 597 962 659 actualia.
980 599 1052 662 Haec
1098 620 1100 630 ’

74 692 120 745 est
133 687 222 764 quasi
238 687 377 747 executio
392 688 615 767 degradationis
629 687 767 749 verbalis.

115 773 544 854 Privilegiisstatbsclericaiis
563 777 626 858 ipso
641 775 718 838 lacto
735 793 794 837 non
811 775 908 854 privat
926 773 1053 836 verbalia
1101 801 1103 806 ·

74 862 252 944 degradatio
266 882 274 923 ι
288 881 374 925 secus
384 872 428 926 est
437 864 600 927 dicendum
611 865 646 926 de
658 863 753 939 reali3
770 865 853 944 prior
869 863 939 924 lerri
957 867 1052 942 potest

74 954 90 1012 a
102 951 211 1030 judice
226 970 288 1013 non
303 953 473 1035 Episcopo,
488 954 636 1034 posterior
650 953 773 1015 econtra
784 957 967 1015 caracterem
977 949 1052 1031 epis

74 1041 216 1121 copalem
241 1041 334 1120 exigit
357 1040 387 1102 in
416 1041 555 1104 ministro
578 1042 761 1123 degradante
777 1060 785 1102 t
801 1043 872 1103 ctam
895 1041 978 1101 enim
999 1055 1052 1120 per
1093 1076 1097 1084 a

75 1129 191 1190 realem
205 1128 468 1210 degradationem,
480 1131 607 1193 clericus
621 1131 657 1192 ad
670 1137 778 1192 statum
791 1129 1051 1202 laicalemsaltem

75 1217 178 1297 quoad
193 1219 411 1293 conditionem,
428 1219 590 1300 redigatur,
606 1219 737 1281 Ecclesia
752 1219 846 1280 votuit
857 1224 891 1280 ut
910 1217 948 1278 ad
970 1217 1052 1281 hunc

74 1311 191 1370 statum
204 1307 289 1368 solus
302 1307 351 1369 ille
365 1314 466 1388 posset
478 1307 622 1370 reducere
637 1307 689 1388 qui
705 1308 787 1370 solus
800 1306 956 1369 abeodem
976 1306 1050 1369 edu·
1092 1303 1094 1310 ’

75 1413 149 1457 cens
164 1397 263 1476 potuit
282 1395 319 1456 ad
337 1395 507 1458 clericalem
528 1402 638 1459 statum
661 1395 834 1458 sublimare.
851 1395 1051 1476 Degradatum

75 1482 239 1544 verbaliter
267 1483 433 1565 Episcopus
460 1487 644 1566 reintegrare
666 1484 761 1562 valet,
784 1484 858 1546 dum
881 1483 919 1544 ad
942 1484 1051 1545 Sedem

77 1570 285 1651 apostolicam
299 1579 468 1634 reservatur
483 1573 677 1652 reintegratio
693 1572 792 1634 clerici
811 1572 931 1633 realiter
944 1571 1052 1653 degra-

75 1659 135 1721 dati
151 1657 344 1740 (pontificale
356 1662 498 1739 Roman,
511 1661 555 1723 De
567 1661 664 1742 [orma
679 1659 861 1741 degradat).

114 1747 219 1810 Realis
232 1747 409 1828 degradatio
422 1754 468 1811 est
477 1767 566 1830 poena
577 1749 617 1810 ab
627 1749 760 1811 Ecclesia
771 1748 877 1810 ultimd
886 1748 916 1809 in
927 1748 1053 1812 clericos

75 1835 244 1918 infligenda
256 1855 266 1910 ;
281 1839 376 1917 etque
391 1837 483 1915 illata,
494 1856 564 1900 reus
575 1855 613 1900 eo
627 1837 693 1919 ipso
707 1837 843 1899 saeculari
858 1836 982 1899 brachio
996 1844 1052 1899 tra-

74 1925 169 1986 ditur.
195 1924 255 1986 Sed
269 1924 341 1987 huic
355 1943 453 2006 poenae
472 1927 555 1988 locus
577 1943 642 1988 esse
667 1943 729 1988 non
752 1925 862 2003 debet,
885 1925 942 1986 nisi
969 1926 1052 2007 prilla

75 2013 233 2076 exhaustis
251 2013 396 2076 omnibus
410 2013 476 2076 aliis
494 2013 602 2076 mediis
616 2015 829 2096 repressionis,
844 2012 890 2075 vel
905 2015 961 2076 nisi
976 2016 1052 2078 adsit

75 2102 257 2183 perversitas
276 2101 403 2164 modum
422 2103 590 2178 excedens,
604 2110 634 2166 et
652 2102 810 2166 manifeste
828 2101 1048 2184 incorrigibilis.

75 2194 152 2252 ltem
166 2191 183 2252 d
195 2189 298 2269 judice
312 2190 428 2270 imponi
439 2192 543 2272 nequit
555 2191 612 2253 nisi
621 2192 653 2253 in
664 2193 783 2254 casibus
793 2194 886 2272 ajuro
896 2197 1051 2256 communi

75 2279 230 2360 expressis
245 2298 253 2340 ι
269 2279 308 2340 ad
325 2279 406 2341 illam
421 2280 503 2342 enim
518 2280 743 2362 legitimandam
755 2299 817 2342 non
830 2280 984 2343 sufiiciunt
997 2289 1052 2345 sta-

75 2374 141 2431 tuta
157 2366 327 2450 synodalia,
342 2368 399 2429 nisi
410 2369 566 2431 accederet
581 2369 666 2432 Sedis
681 2370 860 2450 Apostolicae
873 2389 1049 2436 cousensus.

119 2454 195 2519 Vide
209 2456 241 2517 in
260 2456 397 2517 Maenali
403 2505 410 2530 ,
427 2466 461 2519 n⁰
483 2460 582 2536 6348,
605 2458 867 2520 enumerationem
887 2458 1051 2522 criminum

76 2551 204 2629 propter
216 2563 285 2625 quae
297 2544 461 2626 degradare
474 2545 553 2610 licet.

116 2634 200 2698 Olim
214 2635 362 2696 sententia
372 2634 608 2715 degradationis,
617 2635 860 2713 etiamverbalis,
873 2635 943 2698 terri
952 2637 1053 2718 nequi·

77 2722 1052 2807 liat,nisiaduodeoimEpiscopiscontraEpiscopum,asepris

76 2812 164 2894 copis
176 2818 282 2874 contra
301 2810 522 2891 Presbyterum,
533 2813 656 2874 atribus
668 2814 740 2874 verd
752 2821 857 2874 contra
868 2814 1051 2890 Diaconum;

78 2898 1050 2981 sedbodieverbalisdegradationisseutentiamEpiscopussolua,

80 3007 134 3069 per
145 3007 179 3051 se
193 2995 245 3050 aut
258 3006 313 3070 per
325 2988 478 3051 vicarium
494 2988 531 3051 ad
546 2989 576 3051 id
590 2990 758 3070 specialiter
771 2988 966 3070 deputatum,
990 3010 1054 3071 pro·

81 3078 223 3140 nuntiare
247 3077 350 3152 valet,
378 3077 467 3139 etiam
495 3087 600 3140 contra
625 3077 825 3160 presbyteros.
850 3078 933 3140 ldem
957 3087 1055 3162 potest

80 3164 254 3248 capitulam
277 3171 328 3226 aut
352 3164 446 3246 ipsius
471 3166 620 3241 vicarius,
647 3166 723 3228 Sede
747 3172 870 3228 vacante
895 3165 973 3249 (cap.
997 3168 1054 3231 Hir
1170 3235 1173 3242 Δ

80 3273 158 3336 quse,
173 3260 204 3316 et
215 3271 283 3333 cap.
302 3251 374 3315 Clam
388 3253 478 3328 olim,
492 3253 535 3314 De
554 3255 661 3336 major.
682 3263 710 3316 et
726 3254 821 3331 obed,
841 3256 947 3332 Cone,
970 3257 1052 3322 Trid.
1085 3265 1089 3320 :

80 3361 155 3406 sess.
173 3345 221 3415 13,
239 3360 306 3422 cap.
322 3347 353 3416 l,
369 3340 414 3404 De
427 3341 513 3423 νοῇ).

121 3430 227 3504 Quoad
250 3430 323 3492 rard
344 3430 453 3492 realem
476 3429 743 3510 degradationem,
768 3433 806 3496 ad
827 3434 907 3496 illam
931 3437 1054 3517 quidam

82 3519 172 3583 hodie
191 3519 308 3600 absque
325 3519 390 3580 aliis
409 3518 590 3582 Praesulibus
612 3522 775 3601 procedere
792 3524 869 3586 valet
889 3527 1055 3609 Episcopus

84 3613 269 3672 caracterem
280 3607 360 3669 illius
370 3605 485 3669 ordinis
499 3607 635 3684 habens,
651 3610 704 3672 sed
718 3615 819 3674 tamen
834 3630 889 3692 per
903 3615 1052 3694 seipsum,

85 3704 115 3756 rt
127 3696 265 3776 insuper.
283 3693 495 3758 «notabitis...
510 3694 568 3756 sibi
577 3696 784 3762 assistentibus
797 3698 921 3760 totidem
940 3701 1055 3762 Abbati·

90 3806 105 3842 ι
125 3782 182 3846 bus
195 3800 287 3846 usum
298 3783 433 3843 mitraet
444 3782 540 3844 baculi
556 3801 590 3844 ex
605 3784 761 3866 privilegio
775 3785 938 3866 apostolico
946 3787 1053 3849 baben·
