2618 4212
173 273 236 340 {08
453 270 607 318 emersum
629 264 710 315 runis
732 261 879 309 cunonrer.

181 391 376 486 patrimonii,
392 387 506 451 clerico
529 385 561 446 in
577 381 684 462 aliqua
700 373 948 456 congregatione
963 371 1102 447 viventi,
1120 375 1154 436 in

178 507 247 572 qua
259 477 407 546 solemnis
422 473 573 558 professio
585 489 648 535 non
661 465 824 540 emittitur,
839 460 887 526 rel
900 461 996 528 etiam
1008 463 1157 544 religioso

182 576 327 640 nondum
343 565 494 650 professo.

165 701 167 712 ν
223 668 254 727 5.
278 653 524 739 suspensionem
560 655 744 732 perpetuam
767 641 807 705 ab
831 639 980 704 exercitio
1007 639 1159 704 ordinum

187 756 257 834 ipso
279 749 349 833 jure
375 743 541 807 incurrunt
566 734 703 816 religiosi
717 732 819 814 ejecti,
848 735 936 792 extra
961 728 1159 809 Religionem

181 840 346 921 degentes.

227 934 256 991 6.
282 923 528 1005 Suspensionem
544 915 584 978 ab
598 912 710 978 ordine
721 913 869 989 suscepto
884 905 953 988 ipso
966 905 1038 989 jure
1052 909 1163 972 incur-

186 1026 278 1092 runt,
294 1014 350 1096 qui
368 1011 514 1074 eumdem
527 1004 669 1068 ordinem
683 1000 823 1079 recipere
837 1007 1108 1077 presumpserunt
1124 1001 1165 1062 ab

187 1101 461 1169 excommunicato
475 1096 522 1158 rel
539 1107 708 1174 suspenso,
723 1085 773 1149 rel
787 1083 954 1148 interdicto
969 1086 1164 1152 nominatim

187 1189 404 1265 denuncietis,
428 1194 483 1250 aut
505 1185 546 1246 ab
567 1181 714 1246 heretico
732 1176 782 1239 vel
806 1173 1002 1237 schismatico
1019 1180 1161 1259 notorio;

187 1301 262 1345 eum
277 1296 351 1342 vero
365 1277 419 1360 qui
429 1276 514 1337 bona
528 1271 590 1336 lide
605 1288 622 1332 a
636 1267 787 1350 quopiam
803 1279 912 1326 eornm
923 1269 970 1324 est
982 1263 1163 1347 ordinatus,

104 1426 106 1430 .
188 1369 367 1432 exercitium
383 1383 448 1428 non
467 1361 584 1424 babere
598 1356 718 1420 ordinis
737 1356 781 1416 sic
805 1349 951 1434 suscepti,
979 1350 1081 1416 donec
1096 1357 1164 1421 dis-

191 1465 351 1542 pensetur,
367 1453 574 1516 declaramus.
624 1501 626 1506 ,

229 1552 259 1608 7.
277 1542 388 1608 Clerici
403 1540 569 1604 saeculares
586 1535 694 1608 exteri,
719 1531 802 1596 ultra
817 1537 955 1612 quatuor
978 1549 1105 1598 menses
1131 1539 1163 1600 in

129 1643 137 1651 ’
190 1635 272 1699 Urbe
287 1637 532 1703 commorantes,
549 1625 685 1689 ordinati
703 1622 741 1686 ab
763 1621 826 1683 alio
848 1637 943 1701 quam
967 1621 1091 1705 abipso
1106 1645 1166 1692 suo

189 1723 356 1789 Ordinario
386 1721 505 1800 absque
544 1715 670 1778 licentia
698 1711 789 1776 Card.
832 1708 926 1772 Urbis
958 1710 1082 1790 Vicarii,
1114 1718 1164 1780 rel

190 1816 310 1894 absque
339 1809 455 1893 previo
486 1805 631 1896 creamine
659 1819 763 1866 coram
797 1797 906 1860 eodem
935 1809 1082 1880 peracto,
1114 1807 1164 1869 vel

189 1903 284 1964 etiam
298 1917 317 1963 a
333 1898 461 1980 proprio
476 1893 644 1958 Ordinario
660 1899 864 1972 posteaquam
879 1888 910 1948 in
929 1887 1078 1969 praediclo
1088 1911 1165 1957 exa·

191 1991 275 2052 mine
286 1987 402 2071 rejecti
420 1985 554 2060 luerint3
570 1997 704 2044 necnon
720 1978 824 2040 cleriei
843 1977 1036 2058 pertinentes
1047 1981 1088 2043 ad
1104 1983 1164 2046 ali-

189 2097 284 2160 quem
299 2096 316 2140 e
329 2095 382 2138 ser
397 2071 641 2156 Episcopatibus
660 2066 897 2140 suburbicariis,
921 2067 946 2128 si
973 2065 1166 2135 ordinentur

189 2176 277 2230 extre
305 2183 396 2228 suam
419 2161 601 2236 dioeeesim,
629 2154 892 2220 dimissorialibus
920 2155 967 2216 sui
1002 2154 1163 2223 ordinarii

189 2255 230 2318 ad
248 2254 346 2317 alium
366 2252 492 2314 directis
507 2267 603 2331 quam
619 2247 657 2310 ad
679 2245 769 2308 Card.
787 2243 880 2307 Urbis
899 2243 1060 2308 Vicarium
1076 2269 1086 2324 ;
1113 2251 1163 2314 vet

190 2362 253 2407 non
285 2341 453 2423 praemissis
475 2345 556 2401 ante
588 2337 733 2399 ordinem
770 2351 894 2395 sacrum
923 2335 1165 2417 suscipiendum

188 2431 344 2497 exercitiis
359 2428 575 2512 spiritualibus
590 2444 646 2508 per
658 2424 767 2487 decem
781 2421 848 2485 dies
863 2423 894 2484 in
918 2421 1014 2487 domo
1037 2426 1166 2493 urbana

189 2521 387 2586 sacerdotum
414 2535 433 2582 a
451 2516 600 2580 missione
621 2520 878 2594 nuncupatorum
896 2559 904 2586 ,
921 2516 1168 2594 suspensionem

188 2612 230 2673 ab
253 2609 418 2672 ordinibus
440 2609 484 2669 sic
497 2605 663 2686 susceptis,
688 2602 727 2665 ad
745 2601 978 2682 beneplacitum
1001 2601 1032 2666 S.
1060 2605 1164 2682 Sedis,

190 2700 259 2780 ipso
271 2698 342 2781 jure
358 2699 525 2760 incurrunt
543 2714 550 2757 :
572 2692 720 2775 Episcopi
736 2708 810 2754 vero
830 2689 1024 2766 ordinantes,
1048 2694 1090 2757 ab
1108 2716 1169 2760 usu

190 2787 420 2868 pontiticalrum
434 2801 622 2867 perannum
638 2782 660 2844 ¹.

219 2950 243 2998 1.
263 2947 304 2998 llis
318 2944 523 3013 suspensionibus
542 2947 675 3008 sequentes
687 2946 746 2990 sunt
761 2938 908 3000 adjiciendo
925 2952 938 2988 e
955 2937 1106 2996 Tridentino
1122 2962 1170 2998 ex.

187 3022 279 3080 tractae,
293 3034 348 3084 qua
366 3023 510 3067 tamennon
523 3019 679 3065 reservantur
692 3012 718 3063 S.
737 3011 795 3061 Sedi
809 3027 815 3060 :

261 3093 437 3162 Unusquisque
449 3109 461 3144 a
475 3093 573 3159 proprio
586 3091 708 3158 Episcopo
722 3090 869 3141 ordinetur:
883 3087 984 3154 quodsi
1002 3091 1060 3156 quis
1072 3096 1105 3146 ab
1118 3098 1169 3150 alio

190 3168 329 3240 promoveri
342 3172 416 3232 petat,
431 3163 606 3216 nullatenusid
617 3166 648 3225 el,
660 3163 733 3214 etiem
746 3161 855 3228 cujusvis
867 3161 989 3226 generalis
999 3169 1043 3213 aut
1052 3168 1169 3230 specialis

190 3240 301 3306 rescripti
314 3236 353 3288 vel
366 3235 485 3300 privilegii
499 3241 626 3301 pretextu,
637 3235 710 3284 etiam
722 3237 821 3283 statutis
832 3232 1166 3299 temporibuspermittatur·

190 3315 237 3364 nisi
250 3313 304 3378 ejus
320 3307 429 3374 probitas
442 3323 470 3358 ac
485 3323 566 3358 mores
584 3305 707 3358 Ordinarll
719 3303 757 3356 sui
771 3304 913 3355 testimonio
925 3307 1125 3363 commendetur.
1141 3313 1160 3366 S

190 3399 264 3437 secus
280 3382 330 3442 liat,
344 3379 461 3430 ordinans
480 3377 638 3429 ecollatione
650 3377 764 3428 ordinum
785 3392 829 3442 per
844 3389 945 3434 annum,
958 3381 983 3426 et
1004 3378 1137 3436 ordinatus
1154 3404 1171 3440 a

191 3459 363 3519 susceptorum
375 3451 490 3501 ordinum
500 3449 667 3509 exsecutione,
679 3448 797 3515 quamdin
811 3447 910 3514 proprio
922 3446 1055 3501 Ordinatio
1069 3453 1161 3510 videbi·

136 3579 142 3590 ,
192 3535 232 3579 tur
244 3523 410 3588 expedirent
422 3535 558 3588 suspensus
570 3522 641 3586 (sess.
652 3520 693 3586 23,
706 3537 727 3570 c.
743 3520 766 3580 8,
783 3521 824 3570 Dc
834 3518 962 3584 reform).

212 3601 237 3650 b.
250 3597 337 3650 Clerici
352 3609 401 3642 ncn
427 3590 515 3639 arctati
536 3589 632 3638 ratione
647 3589 761 3640 henellcii
788 3592 840 3654 ipso
860 3591 917 3654 jure
932 3601 1126 3661 suspensionem
1140 3609 1176 3658 ab

182 3669 340 3726 exsecutione
353 3664 467 3715 ordinum
479 3663 509 3710 ad
523 3662 708 3722 beneplacitum
723 3663 799 3710 futuri
821 3666 927 3728 Praelati,
942 3667 973 3729 si,
990 3673 1055 3722 inira
1076 3690 1176 3730 annum

183 3743 323 3796 aracatione
335 3733 534 3806 sedis,majorem
544 3733 656 3782 ordinem
672 3733 795 3796 recipiant
811 3749 868 3785 cum
880 3737 984 3790 licentia
997 3741 1107 3808 Capituli
1112 3766 1175 3812 ,eur
