2552 4204
177 253 239 318 rot)
450 265 604 312 cucurum
624 265 707 310 runis
728 263 877 310 curemur.

169 380 262 429 causa
278 371 311 430 tl
328 415 336 443 ,
353 388 384 449 q.
399 371 430 444 3,
446 368 498 430 ubi
514 370 545 431 S.
562 365 724 446 Gregorius
735 364 827 427 dicit:
846 363 1034 425 «Sententia
1047 362 1150 425 Pasto-

178 476 193 514 α
213 455 275 530 ris,
289 456 443 536 sireJusta
458 456 565 533 luerit,
581 456 642 518 sive
654 454 783 534 injusta,
796 451 932 514 timenda
947 458 991 534 est
1003 473 1035 514 o.

212 545 247 606 ln
261 543 355 608 dubio
369 565 408 608 an
420 564 549 608 censura
561 544 598 606 sit
610 545 731 606 incursa
747 560 856 616 necne,
873 559 935 602 non
950 547 995 602 est
1006 539 1151 622 obligatio

174 631 255 693 illam
271 634 408 696 servandi
432 635 463 696 in
481 634 547 696 loro
561 631 771 710 conscientie,
785 633 848 693 sive
861 629 989 692 dubium
1009 630 1049 690 sit
1062 629 1149 702 facti,

175 720 235 783 sive
250 721 287 784 sil
298 723 394 802 iuris,
410 725 481 804 quia
494 723 624 803 possidet
646 721 787 796 libertas,
804 730 834 780 et
845 720 876 780 in
890 718 983 780 dubio
996 717 1066 780 odia
1082 726 1151 780 sunt

175 811 395 891 restringenda.
409 815 440 874 Si
455 812 525 874 rard
534 811 723 873 dubitaretur
736 810 857 870 tanturn
872 807 910 869 de
922 807 1045 869 obtenta
1060 808 1155 870 abso·-

175 899 306 977 lutione,
322 909 374 962 aut
391 901 591 982 appellatione
612 899 802 978 interposita,
818 917 888 960 reus
906 896 1031 958 deberet
1050 915 1084 959 se
1103 897 1153 959 ha-

175 986 245 1050 bere
268 995 301 1051 ut
319 996 514 1052 censuratum
534 989 606 1068 quia
629 987 778 1068 possessio
794 993 852 1048 stat
865 1004 920 1066 pro
934 985 1108 1066 superiore;
1125 995 1152 1048 et

176 1075 256 1138 idem
285 1077 447 1140 dicendum
475 1079 499 1140 si
526 1077 652 1139 dubium
673 1077 711 1137 sit
732 1075 770 1138 de
796 1081 941 1157 potestate
968 1076 1150 1156 superioris,

175 1167 299 1244 quando
313 1167 363 1229 hic
377 1168 504 1248 pacifice
517 1185 586 1228 eam
599 1165 741 1246 possidet.
758 1168 791 1226 lu
805 1164 900 1226 dubio
914 1183 952 1225 an
971 1184 1102 1227 censura
1116 1167 1153 1228 sit

180 1261 253 1326 iusta
269 1274 377 1332 necue,
387 1257 535 1338 quidquid
549 1255 650 1316 dicant
661 1253 799 1314 nonnulli
809 1273 858 1335 ap.
874 1255 904 1315 S.
917 1255 1039 1335 bigucr.
1052 1257 1152 1318 verilis

177 1347 222 1402 est
235 1343 399 1406 dicendum
410 1345 491 1426 qubd
506 1348 585 1424 justa
598 1344 634 1404 sit
650 1343 806 1420 habenda,
821 1343 892 1424 quia
906 1343 936 1403 in
951 1343 1046 1404 dubio
1060 1347 1152 1425 possi-

173 1429 226 1492 det
241 1440 370 1510 potestas
384 1434 546 1514 superioris
562 1433 626 1514 (lib.
645 1437 675 1511 7,
693 1434 726 1492 nl
737 1431 800 1512 68).
818 1431 893 1492 Vide
908 1451 973 1512 cap,
990 1432 1095 1512 Illud,
1110 1435 1152 1498 Dc

173 1519 284 1580 clerico
296 1541 437 1584 eucomrn.
456 1526 530 1584 ltem
544 1570 551 1600 ,
567 1523 637 1584 licet
651 1540 721 1584 reus
732 1520 840 1582 habeat
854 1520 1028 1600 opinionem
1044 1525 1151 1602 proba-

176 1607 268 1670 bilem
287 1630 341 1692 pro
354 1631 397 1689 se,
413 1618 532 1674 tenetur
545 1629 649 1691 parere
661 1609 756 1692 judici
769 1609 882 1690 aliquid
897 1611 1083 1690 praecipienti
1096 1615 1152 1676 sub

173 1703 317 1774 censura,
332 1720 359 1762 v.
371 1722 414 1782 g.,
424 1701 605 1763 solutionem
620 1699 757 1781 pecuniae
773 1698 833 1760 :ita
845 1699 1068 1776 communiter,
1083 1703 1152 1782 quia

173 1787 249 1848 alias
271 1808 428 1870 nunquam
451 1789 612 1850 finirentur
627 1789 701 1851 litas.
724 1789 781 1859 Qui
794 1795 895 1848 tamen
909 1794 988 1849 esset
1000 1797 1103 1853 certus
1116 1793 1151 1854 de

176 1878 231 1950 sua
255 1877 448 1954 innocentii,
465 1897 521 1940 nec
538 1878 653 1939 solvere
676 1884 844 1950 teneretur,
862 1894 919 1937 nec
940 1895 973 1938 se
989 1895 1099 1957 gerere
1120 1888 1153 1944 ut

173 1975 372 2028 censuraturn
385 1968 420 2028 in·
430 1969 561 2047 privat03
578 1968 602 2027 si
617 1972 716 2027 autem
728 1965 793 2026 talis
808 1965 838 2026 in
853 1964 974 2045 publico
989 1984 1152 2032 censuram

174 2053 309 2128 violaret,
320 2073 349 2116 v.
366 2073 411 2134 g.,
426 2055 518 2115 sacris
533 2053 743 2129 ministrando,
758 2053 812 2116 etsi
828 2053 1080 2132 irregularitatem
1092 2078 1152 2120 nun

177 2141 355 2219 incurreret,
369 2144 441 2203 clun
456 2145 557 2203 revera
570 2160 672 2202 coram
686 2144 749 2204 Deo
766 2161 827 2202 non
840 2142 878 2202 sit
888 2147 1017 2204 censura
1031 2145 1151 2226 ligatuS,

177 2238 312 2309 peccaret
332 2237 435 2292 tamen
455 2231 495 2292 ob
514 2231 689 2292 scandalum
712 2237 743 2292 et
762 2231 781 2292 a
801 2230 903 2311 Judiee
926 2231 1016 2292 etiam
1049 2237 1151 2315 puniri

176 2325 278 2398 posset
294 2322 349 2381 nisi
366 2321 487 2399 publice
498 2327 648 2381 constaret
660 2337 821 2382 censuram
835 2338 900 2381 esse
914 2321 1040 2384 nullam.

215 2411 285 2470 828.
298 2412 394 2472 -1V.
407 2411 502 2471 Causa
516 2416 561 2470 est
574 2409 734 2489 appellatio
746 2409 879 2489 legitime
896 2410 1050 2484 interiecta
1069 2421 1151 2477 ante·

171 2517 267 2578 quam
284 2499 404 2561 incursa
427 2499 516 2561 luerit
531 2516 681 2573 censura,
699 2496 771 2577 quia
787 2505 854 2578 post
875 2497 965 2558 talem
980 2501 1152 2582 appellatio-

176 2605 246 2647 nem
263 2587 432 2666 jurisdictio
452 2589 562 2668 judicis
583 2594 627 2647 est
646 2605 808 2666 suspensa,
830 2604 886 2648 nec
909 2588 1035 2666 proinde
1056 2599 1152 2672 potest

176 2674 252 2736 farra
267 2677 445 2737 sententiam
462 2679 522 2756 quat
540 2676 608 2756 quis
622 2674 759 2736 censuris
780 2675 888 2754 ligetur
899 2695 908 2750 ;
921 2676 973 2736 sed
986 2677 1009 2737 si
1023 2697 1151 2744 censura

170 2771 219 2826 est
237 2766 373 2842 incursa,
390 2767 461 2844 quia
482 2783 591 2845 nempe
611 2764 667 2826 luit
691 2763 763 2826 lutae
782 2765 948 2834 sententie,
962 2771 1037 2828 tuac
1052 2771 1151 2851 appel-

176 2853 244 2916 latio
261 2873 321 2916 non
338 2863 462 2916 excusat
476 2855 514 2915 ab
528 2853 710 2931 obligatione
724 2853 804 2914 hanc
817 2871 978 2914 censuram
994 2860 1148 2937 servandi,

175 2942 243 3004 licet
273 2945 361 3004 luerit
388 2946 498 3021 injusta
523 2944 552 3018 si¹
578 2961 640 3002 non
667 2943 704 3002 sit
727 2942 872 3018 invalida,
895 2945 975 3022 quud
1004 2948 1152 3031 contingit

169 3033 316 3112 quando,
332 3053 359 3092 v.
378 3052 420 3111 g.,
438 3050 498 3091 non
519 3031 640 3091 fuerunt
658 3031 821 3092 observatae
834 3029 1028 3094 lorrnatilaes
1047 3034 1066 3096 a
1086 3037 1150 3120 lege

174 3123 373 3199 praescriptae,
400 3120 490 3178 rnodb
512 3127 612 3179 tanren
633 3138 677 3182 eae
701 3120 896 3181 formalitates
920 3139 980 3180 non
1000 3123 1061 3184 sint
1078 3146 1152 3207 prae·

169 3212 289 3288 scriptae
299 3209 355 3268 sub
366 3211 456 3287 poend
469 3208 610 3268 nullitatis
619 3207 698 3288 (cap.
710 3207 741 3270 Is
750 3209 799 3269 cui
809 3214 858 3286 ru,
869 3208 991 3272 Deserit.
1004 3231 1148 3280 excomm.

183 3315 203 3358 n
217 3301 263 3372 6⁰3
279 3314 345 3376 cap.
362 3295 411 3356 Ad
420 3295 641 3378 reprimendum
656 3303 689 3373 8,
706 3297 750 3358 De
761 3297 843 3379 offic.
853 3295 925 3378 jud.
941 3298 1068 3385 ordin).

601 3462 621 3544 a
644 3465 706 3525 vu.

193 3596 232 3658 De
244 3595 339 3676 poeuis
352 3615 418 3678 quur
435 3615 490 3676 per
508 3595 698 3657 violationem
712 3613 900 3657 censurarum
915 3597 1126 3666 incurrantur.

208 3738 277 3796 829.
301 3737 409 3797 Prima
416 3755 503 3816 poenu
513 3737 561 3796 cui
576 3736 748 3798 subduntur
760 3737 917 3800 violatores
931 3733 1143 3822 censurarum,
