2574 4198
226 313 285 373 634
500 328 651 374 recasura
670 327 752 373 runis
773 325 919 372 canonici.
985 389 987 398 Ι

224 427 344 506 accipit,
369 428 526 510 negotium
549 429 587 490 ad
610 427 791 490 Praefectum
810 425 1023 489 transmittitur
1041 433 1077 488 ut
1090 443 1202 489 execu-

224 514 298 576 tioni
311 517 449 579 mandari
464 518 558 580 valeat
575 517 618 579 :si
635 518 706 580 verd
720 517 799 579 hano
814 516 988 596 petitionem
999 515 1129 596 repellat
1140 517 1203 577 ltlu·

225 603 354 684 nicipale
371 606 549 680 Consilium,
568 624 680 687 praeses
700 605 835 668 Fabricae
858 603 984 686 requirit
1003 603 1087 666 varia
1107 603 1202 667 docu-

225 699 326 756 menta
340 695 445 777 Majori
456 697 592 774 remissa,
607 695 744 758 videlicet
758 701 860 758 actum
872 693 1115 770 aestimatorium,
1132 693 1201 756 bud·

225 788 339 861 gotum,
355 803 452 866 eaque
475 785 565 847 mittit
582 784 621 848 ad
636 784 889 846 Suerraelectum
908 790 941 846 ut
961 783 1028 864 ipso
1048 782 1202 846 mediante

225 869 263 932 ad
277 873 454 938 Praefectum
469 874 661 955 perveniant,
683 873 755 955 qui,
771 874 911 936 consulto
921 873 1084 954 Episcopo,
1100 874 1201 936 statuit

225 959 297 1039 quid
318 962 357 1024 sit
378 963 532 1045 agendum
554 962 608 1026 :si
630 963 735 1046 petitio
748 962 882 1024 Fabricae
905 980 968 1024 non
989 961 1168 1026 admittatur
1185 965 1202 1025 a

226 1046 384 1129 Praefecto,
397 1057 535 1132 superest
557 1051 690 1114 Fabricae
708 1057 741 1116 ut
763 1050 810 1112 via
833 1050 985 1132 petitionis
1005 1057 1146 1113 recurrat
1165 1052 1201 1115 ad

226 1135 396 1200 Ministrum
409 1139 558 1202 cultuum.
577 1139 716 1202 Admisso
730 1139 853 1202 tandem
867 1141 884 1201 t
899 1138 1043 1202 Praefecto
1057 1141 1123 1202 etd
1139 1141 1200 1203 Gu-

225 1221 331 1287 bernio
345 1227 477 1290 Fabricae
490 1227 645 1310 petitione,
667 1229 871 1292 communitas
891 1228 1043 1308 impensas
1058 1247 1200 1292 necessa·

225 1313 285 1460 zia?
297 1317 488 1398 suppeditare
501 1316 601 1394 debet,
616 1325 647 1380 et
657 1319 682 1380 si
693 1325 803 1380 renuat
813 1317 870 1400 ipsi
880 1318 1080 1400 imponuntur
1090 1317 1109 1380 a
1121 1317 1199 1382 Prae-

237 1418 271 1462 eo
283 1419 313 1466 0.

641 1532 788 1546 ..ι-

593 1655 742 1726 CAPUT
766 1654 832 1722 ΙΙΙ.

314 1820 360 1868 DE
385 1822 570 1872 PttAEctpms
595 1821 775 1870 sructuuus
799 1819 964 1867 Bonosum
988 1817 1116 1869 EGCLE·

593 1926 834 1978 susutcouuu.

642 2125 729 2186 ΛΒΤ.
751 2124 775 2187 l.

539 2261 581 2308 us
612 2261 865 2310 oaulrmumus

265 2387 335 2448 779.
363 2405 379 2444 r
400 2384 564 2448 oblationis
577 2385 701 2449 nomine
716 2383 895 2466 intelligitur
908 2384 1056 2468 quidquid
1070 2389 1195 2456 offertur

230 2493 245 2531 a
265 2472 399 2536 ecelesiae
413 2493 607 2556 quocumque
622 2473 713 2537 modo
727 2474 759 2535 in
774 2473 877 2549 missa,
891 2474 936 2536 vel
951 2474 982 2536 in
996 2477 1135 2555 ecclesia,
1152 2483 1195 2545 vel
1267 2543 1268 2550 ,

230 2583 245 2619 c
265 2569 358 2624 extra.
374 2585 389 2624 a
407 2565 449 2626 lta
464 2563 666 2626 summarium
679 2561 801 2644 capituli
817 2561 892 2625 Cum
912 2563 992 2626 inter
1004 2568 1055 2645 23,
1071 2565 1119 2631 De
1131 2589 1194 2633 uer·

226 2648 285 2711 bor.
298 2651 526 2734 sipua'fieatione.

265 2739 498 2822 antiquissimus
515 2760 620 2805 earum
634 2760 708 2805 usus
721 2747 777 2820 est,
798 2747 889 2823 atque
905 2743 1019 2825 abipsa
1035 2748 1194 2828 Apostolo·

225 2845 293 2892 rum
306 2835 392 2893 aetate
406 2832 598 2913 repetendus.

263 2919 331 2982 Tria
345 2927 431 2982 erant
450 2921 636 2984 oblationum
655 2938 766 3002 genera
785 2939 792 2980 ε
813 2919 946 3002 primum
964 2940 1069 2985 earum
1091 2946 1194 2993 rerum

224 3026 292 3088 quae
306 3009 344 3071 ad
360 3010 451 3072 altare
464 3015 600 3090 tempore
615 3011 714 3072 missae
727 3009 910 3086 serebantur,
926 3016 955 3072 et
968 3029 1047 3093 quae,
1064 3033 1193 3094 praeser·

224 3096 278 3158 tim
294 3099 325 3159 in
343 3117 421 3178 pane
435 3105 464 3160 et
478 3119 564 3174 vmo,
578 3117 616 3160 ex
635 3098 746 3180 quibus
762 3097 948 3160 Eucharistiae
961 3100 1193 3187 conficiebatur,
1264 3145 1265 3150 κ

224 3186 437 3264 consistebant,
453 3187 505 3249 sed
520 3187 630 3269 quibus
643 3188 734 3250 etiam
748 3187 935 3250 addebantur
954 3189 1068 3268 oleum,
1085 3194 1194 3259 inoen·
1264 3157 1265 3243 1

223 3291 304 3349 sum,
320 3293 406 3338 novae
417 3277 521 3358 spicae,
537 3277 655 3358 aliaque
676 3295 802 3340 munera
821 3295 890 3356 quae
904 3277 989 3340 altari
1009 3286 1061 3342 aut
1074 3283 1193 3350 clericis

223 3361 533 3428 alendisinservireut.

262 3449 423 3514 Secundum
438 3461 620 3519 eratearum
634 3473 828 3537 rerumquae,
845 3461 929 3517 extra
943 3457 1140 3539 sacrificium,
1156 3465 1192 3528 ad
1262 3479 1263 3482 ’

222 3537 349 3604 domum
369 3545 588 3626 Episcopalem,
603 3545 649 3608 vel
663 3545 694 3606 in
709 3543 954 3626 gazophylacium
968 3545 1191 3630 inferebantur,

222 3645 259 3691 ex
278 3632 388 3712 quibus
407 3634 609 3716 comparanda
627 3639 715 3695 erant
733 3633 836 3694 omnia
858 3633 896 3694 ad
917 3633 1034 3698 cultum
1053 3637 1191 3705 divinum

221 3723 400 3807 spectantia,
416 3731 467 3786 aut
484 3723 651 3786 necessaria
664 3722 702 3784 ad
716 3722 839 3784 alendos
852 3722 977 3786 clericos
998 3731 1028 3786 et
1041 3745 1190 3811 pauperes

220 3813 430 3878 sublevandos.
