2552 4204
213 318 216 326 ,,
229 266 288 326 '178
497 276 649 324 araneum
670 277 751 323 rurus
772 275 918 322 canonici.

230 395 351 471 recepta
360 389 392 451 in
405 389 718 471 nostrisparlibus33⁰
730 390 856 467 privatio
866 385 1184 468 sepulturaaecclesias·
1261 407 1262 458 l

226 474 304 542 ricae.
321 512 360 524 -
375 479 496 540 Servata
510 486 553 540 est
572 497 722 540 excurram.
750 478 794 538 lu.
813 479 911 554 ripert.
929 475 1040 556 Sedis.)

222 623 225 634 f
252 559 353 620 «ute
373 565 473 620 autem
501 575 599 639 poenae
621 561 818 620 incurrantur
840 558 960 620 tanturn
981 557 1021 619 ob
1043 557 1172 619 duellum
1261 527 1262 578 ἕ

213 649 348 712 astricte
370 652 548 728 sumptum,
573 645 687 709 scilicet
714 654 862 709 convento
881 645 959 724 loco,
987 651 1124 727 tempore
1147 649 1174 706 el

212 736 355 814 tarmis,
383 754 445 798 non
464 734 535 798 verb
549 734 589 797 ob
616 733 791 798 condictum
817 734 1028 816 improvisum,
1042 733 1174 817 quamvls
1261 751 1262 814 l

212 848 227 888 a
245 831 414 910 pugnantes
432 844 468 888 ex
492 823 598 887 eodem
623 825 739 905 impetu
763 824 836 888 rlxae
858 823 1044 906 perrexerint
1065 823 1104 886 ad
1121 822 1173 884 ali·

212 938 226 976 a
246 933 338 998 quem
352 915 454 978 locum
469 913 674 977 idoneumlta
684 913 768 975 valde
784 913 978 995 probabiliter
992 913 1172 987 lilbel‚ete...
1261 917 1262 928 ³

213 1029 226 1062 r
245 1005 390 1085 Idemque
404 1003 635 1086 probabiliter...
656 1003 680 1064 si
703 1005 772 1082 quis
785 1003 869 1064 alteri
892 1003 995 1066 dieat:
1013 1011 1108 1064 tecum
1117 1020 1175 1083 pu·

211 1117 225 1150 u
244 1092 339 1175 pacho
349 1092 451 1174 parlari
471 1093 549 1168 vice,
572 1093 632 1174 quat
656 1093 732 1153 mibi
745 1092 929 1155 obviaveris:
947 1111 1017 1154 uam
1034 1111 1072 1154 eo
1096 1110 1174 1162 casu,

211 1203 226 1238 a
247 1189 348 1262 postca
363 1181 452 1244 etiam
467 1182 568 1244 habito
582 1181 737 1257 conflictu,
751 1183 797 1244 isli
811 1200 873 1244 non
889 1183 1048 1246 incurrunt
1063 1198 1174 1260 prunas,

211 1291 226 1328 a
246 1270 316 1351 quia
331 1279 403 1334 tune
414 1270 498 1332 deest
511 1270 679 1351 designatio
687 1270 745 1334 loci
752 1278 780 1332 el
790 1271 946 1351 temporis.
958 1292 972 1328 o
986 1269 1030 1350 (S.
1042 1271 1175 1344 Liguor..

209 1359 259 1420 lib.
272 1362 302 1432 3,
320 1369 352 1420 n⁰
368 1359 454 1440 lot.)

245 1471 314 1533 916.
332 1465 364 1528 4⁰
379 1464 411 1528 Si
426 1463 465 1526 sit
477 1464 609 1538 obertus,
633 1461 737 1524 Sirius
762 1463 834 1528 Vin
848 1462 953 1526 Gonst.
976 1457 1176 1538 Effreoutum

205 1559 314 1622 statuit
326 1553 686 1618 excommunicationem
696 1567 763 1612 esse
777 1547 1002 1610 incurrendam
1016 1549 1087 1628 ipro
1103 1549 1178 1612 l'acto

204 1633 249 1710 ⁴ab
264 1645 415 1709 omnibus
428 1643 481 1724 qui
497 1647 667 1724 procurant
683 1638 851 1713 abortum;
870 1654 941 1716 quaa
960 1638 1179 1700 exeommuni-

193 1729 286 1800 catio
300 1732 452 1798 remansit
463 1733 495 1792 in
512 1725 837 1808 Constrlpostsedis,
850 1733 881 1788 et
896 1733 1073 1787 reservetur
1088 1724 1178 1788 Ordi-

204 1824 302 1887 narlis
324 1845 363 1886 :r
392 1821 595 1884 procurantes
623 1817 781 1890 abortum,
799 1813 915 1878 ell'eotu
938 1823 1075 1893 sequuto
1094 1841 1123 1879 s.
1145 1814 1177 1877 ln

204 1933 274 1984 eam
291 1907 435 1975 incidunt
448 1908 648 1992 probabilius
672 1907 813 1988 ipsaemet
837 1904 985 1968 mulieres
997 1923 1068 1984 quae
1089 1905 1179 1968 abor·

205 2015 272 2066 tum
286 2002 345 2064 sibi
362 2006 541 2081 procurant.
561 1996 776 2078 lrregularitas
789 2005 894 2056 aulem
916 2011 981 2056 non
1005 1994 1180 2057 incurritur

206 2090 265 2154 nisi
296 2108 313 2152 a
342 2087 586 2170 procurantibus
613 2086 760 2148 abortum
789 2081 881 2146 fortiis
906 2081 1050 2154 animati,
1073 2083 1108 2144 id
1135 2091 1180 2145 est

203 2183 291 2262 juxta
315 2175 521 2260 philosophos
542 2174 638 2237 medii
658 2175 728 2248 ravi,
744 2182 812 2255 post
836 2171 902 2234 dies
917 2175 956 2234 40
969 2190 986 2232 a
1000 2165 1180 2254 conceptio·

195 2287 257 2346 vna,
273 2267 298 2330 si
309 2268 348 2329 de
362 2265 510 2328 masculis
520 2273 640 2346 agatur,
652 2274 720 2342 post
732 2263 799 2324 dies
813 2261 862 2336 80,
873 2261 897 2322 si
908 2261 947 2323 de
959 2258 1113 2322 foeminis.
1125 2259 1177 2325 Cui

204 2357 321 2438 regulae
346 2357 495 2420 standum
525 2362 588 2430 est,
616 2353 760 2434 quamvis
797 2352 873 2414 l'also
897 2349 1108 2416 laudamento
1136 2351 1179 2414 ni-

105 2593 107 2598 ,
203 2455 402 2614 tatglaouoad
425 2542 651 2605 suffocationem
667 2559 848 2623 puerorum,
870 2541 939 2602 vide
963 2560 1030 2623 cap.
1063 2543 1178 2606 Consu-

203 2631 462 2800 ffissffig'pcausa
472 2637 501 2705 2,
520 2637 597 2712 q.·5‚
612 2637 642 2693 et
654 2649 719 2711 cap.
736 2629 782 2692 Dc
794 2627 962 2710 infantibus
974 2633 1004 2706 3,
1021 2630 1059 2694 de
1072 2632 1179 2715 hirqui

244 2829 276 2888 6ο
297 2825 353 2898 Qui
369 2826 482 2907 seipsos
493 2826 635 2890 occidunt
646 2825 834 2908 culpabiliter
847 2825 984 2906 privandi
995 2833 1067 2889 sunt
1082 2829 1177 2909 sepul·

203 2917 271 2977 tura
283 2916 494 2978 ecclesiastica.

243 3027 312 3084 alr.
336 3027 367 3082 7ο
389 3023 510 3101 Dejure
525 3024 680 3086 communi
702 3023 857 3106 parricidae
871 3023 945 3086 olim
970 3023 1176 3104 puniebantur

203 3111 293 3172 variis
318 3110 416 3192 poenis
438 3111 468 3171 in
483 3129 548 3191 cap.
564 3112 700 3175 Lutorem
717 3115 774 3189 la,
790 3131 880 3175 causa
902 3115 951 3188 33,
966 3133 996 3193 q.
1013 3117 1043 3190 2,
1061 3125 1092 3176 et
1114 3123 1176 3175 loto

202 3200 288 3262 tilulo
313 3200 355 3260 ue
369 3198 414 3261 bis
428 3199 482 3282 qai
500 3199 580 3284 filios
592 3200 756 3263 occiderunt
771 3202 942 3277 recensitis3
967 3205 1077 3265 veriam
1103 3207 1175 3267 tales

202 3306 300 3370 poenae
315 3296 502 3350 recesserunt
523 3290 561 3352 ab
575 3291 657 3365 aula,
675 3291 773 3372 inquit
787 3291 939 3352 Ferraria:
960 3293 1043 3354 unde
1059 3293 1091 3355 in
1103 3313 1173 3357 casu

201 3375 351 3459 parricidii
362 3378 480 3456 iudices
504 3379 695 3442 ecelesiastici
708 3379 860 3442 remittere
873 3380 983 3442 debent
992 3381 1086 3444 laicos
1093 3384 1174 3464 J'udi-

201 3465 286 3528 cibus
300 3467 508 3544 saecularibus;
520 3468 645 3531 clericos
658 3469 741 3546 vend,
757 3469 852 3549 pride,
863 3470 949 3547 juxta
964 3473 1174 3554 praescriptum

200 3554 336 3631 canonis,
351 3555 503 3636 deponere
515 3557 627 3619 debent
638 3577 673 3621 ac
686 3557 862 3640 degradare,
875 3560 979 3640 sicque
999 3563 1094 3625 euriae
1116 3580 1174 3624 sae·

201 3643 294 3706 culari
309 3644 436 3707 tradere.

239 3734 272 3794 8⁰
292 3733 355 3804 Qua
370 3737 471 3795 aulam
483 3735 573 3815 poent
582 3741 610 3798 et
624 3737 642 3796 b
656 3755 717 3817 quo
726 3735 827 3814 judice
838 3735 982 3816 puniendi
997 3738 1059 3800 sint
1072 3740 1173 3804 clerici
