2574 4198
493 280 576 324 araon
597 281 729 326 rcnrrns.
1026 271 1087 330 659

107 396 191 444 anno
205 381 276 450 am,
288 381 352 439 erat
361 375 392 438 in
402 375 534 438 Ecclesia
548 375 648 437 lorum
658 383 818 439 externum
834 378 871 439 ad
886 378 1085 440 exercendam

107 466 233 549 proprie
244 466 358 528 dictam
369 463 560 543 judiciariam
575 471 764 544 potestatem.

153 555 197 616 td
220 554 315 615 linem
340 553 418 614 tertii
443 553 565 627 saeculi,
590 559 641 614 aut
664 553 702 614 ad
725 573 881 617 summum
906 555 943 616 ad
967 555 1086 618 initium

107 643 209 726 quarti
225 642 328 705 saeculi
344 641 492 702 referendi
506 647 577 702 sunt
591 659 725 703 canones
742 644 953 723 Apostolorum
971 663 979 704 ι
996 644 1084 724 pont

105 734 152 796 sic
167 732 295 794 babetur
311 732 341 792 in
352 747 469 792 canone
483 733 522 792 '13
537 748 544 790 :
564 730 777 811 «Episcopum
793 732 831 793 de
845 732 946 812 aliquo
962 731 1088 815 perlida

111 843 127 881 e
147 819 260 900 dignos
278 825 452 882 accusatum
466 817 621 896 homines,
638 819 676 881 ab
690 821 846 902 Episcopis
865 821 964 883 vocari
981 839 1086 882 neces·

112 933 128 970 e
150 910 268 972 sarium
291 915 337 970 est
353 927 359 968 :
375 913 405 968 et
427 906 452 968 si
475 907 598 987 quidam
618 911 823 989 comparuerit
843 915 911 971 et...
934 908 1088 972 convictus

112 1021 128 1058 r
149 997 253 1073 luerit,
278 997 407 1059 censuit
425 995 571 1075 irrogator
586 997 808 1074 ecclesiasticb;
825 999 848 1059 si
873 998 945 1060 verd
967 1002 1088 1059 vocatus

113 1103 212 1149 anon
240 1083 516 1165 obtemperaverit,
544 1084 677 1146 secunda
703 1105 825 1167 quoque
852 1087 916 1148 vice
943 1093 1085 1161 vocator,

110 1199 127 1235 <r
149 1174 253 1236 missis
272 1173 391 1234 duobus
408 1173 445 1233 ad
465 1172 565 1253 ipsum
579 1173 752 1254 Episcopis;
769 1175 852 1256 qubd
868 1176 892 1236 si
911 1193 965 1256 per
979 1180 1086 1236 contu-

111 1288 126 1324 α
148 1264 281 1325 muciam
306 1280 364 1324 nec
385 1261 428 1323 sio
448 1261 574 1342 qtridem
595 1264 818 1344 comparuerit,
841 1263 982 1345 Synodus
1000 1281 1086 1325 suam

110 1377 125 1412 o
146 1362 257 1415 contra
267 1353 367 1431 ipsum
383 1349 574 1430 pronuntiato
588 1352 784 1427 sententiam,
806 1371 844 1414 ne
857 1352 930 1434 quid
940 1352 1085 1432 tergiver-

109 1465 125 1501 α
147 1441 259 1514 sando‚
275 1437 529 1518 detrectandoqnc
542 1438 690 1518 judicium
703 1439 778 1502 lucri
794 1441 892 1503 lacere
904 1441 1050 1503 videatur.
1067 1464 1082 1498 a

108 1535 190 1611 Ergo
200 1529 302 1591 forum
313 1534 472 1588 externum
482 1527 616 1589 exstabat
630 1527 660 1588 in
675 1529 808 1590 Ecclesia
820 1530 907 1592 tertio
921 1529 966 1590 vel
979 1535 1086 1609 quarto

105 1619 232 1682 saeculo.
246 1616 322 1678 Vide
336 1615 426 1677 etiam
440 1633 507 1678 can.
524 1616 700 1677 ll.-ldem
713 1623 829 1678 constat
845 1637 881 1678 ex
895 1618 1086 1679 constitutio

106 1707 200 1769 nibus
211 1705 440 1786 Apostolorum,
457 1710 526 1783 quaa
537 1705 740 1766 communiter
752 1707 961 1766 existimantur
979 1711 1086 1785 quarto

104 1796 221 1857 saeculo
232 1794 409 1856 anteriores.
424 1792 609 1870 vitalina,
624 1811 651 1854 c.
671 1796 718 1868 ll,
738 1797 783 1865 lt,
801 1797 850 1864 37,
863 1797 913 1870 38,
924 1797 974 1856 46.

149 1885 222 1945 Haec
236 1888 367 1963 potestas
379 1880 535 1958 iudiciaria
550 1883 740 1942 exercitaret
755 1881 856 1961 agnita
870 1880 923 1943 luit
939 1882 969 1941 in
985 1882 1084 1943 onmi-

105 1974 166 2034 bus
176 1971 242 2033 lerb
255 1969 396 2032 Conciliis
410 1970 498 2030 etiam
513 1969 709 2031 oeoumenicis
727 1989 734 2030 :
750 1970 885 2032 videlicet
898 1970 930 2031 in
943 1971 1085 2034 conciliis

104 2061 234 2123 Nicaeno
249 2061 277 2134 Ι,
291 2077 360 2138 erga
381 2059 506 2132 brium;
524 2059 853 2140 Constantinopolitano
868 2062 896 2132 l,
913 2079 994 2122 anno
1008 2063 1083 2138 38l;

104 2148 264 2230 Ephesino
286 2149 409 2221 l‚anno
428 2149 506 2222 431,
527 2165 598 2227 erga
619 2149 808 2223 Nestorium;
832 2149 1082 2224 chalcedonensi,

102 2243 215 2300 contra
229 2238 425 2310 Dioscorum3
441 2235 771 2316 Constantinopolitano
785 2239 802 2298 a
817 2238 957 2299 Flaviano
971 2239 1084 2302 coadu-

104 2334 191 2400 nato,
208 2331 313 2387 contra
328 2322 497 2398 Euticbem‚
513 2327 544 2384 et
552 2323 618 2385 aliis
631 2325 838 2386 oecumenicis.
1152 2387 1156 2392 ,

148 2415 261 2496 Agnita
276 2412 331 2474 luit
344 2412 382 2472 ab
396 2411 629 2490 imperatoribus
642 2413 838 2474 Constantino
851 2417 962 2495 Magno
975 2421 1005 2476 et
1016 2418 1084 2480 Jus«

102 2505 240 2576 tiniano,
255 2503 306 2581 qui
322 2499 420 2561 aiebat
436 2500 466 2559 in
480 2500 602 2587 Novellb
616 2505 654 2563 82
671 2520 678 2560 ε
697 2502 757 2562 «Si
771 2502 913 2563 delictum
930 2504 967 2562 sit
990 2506 1083 2567 eccle-

106 2615 124 2651 α
144 2592 302 2654 siasticum
317 2595 345 2650 et
360 2587 493 2667 indigeat
505 2589 692 2651 corrections
706 2596 736 2651 et
754 2592 845 2671 poenb
861 2591 1079 2670 ecclesiastiea,

107 2703 124 2738 u
144 2683 212 2742 Deo
226 2676 363 2739 amabilis
378 2677 544 2756 Episcopus
557 2677 595 2739 de
607 2677 664 2740 hoc
675 2678 801 2758 judicet,
817 2679 899 2740 nulla
912 2680 987 2742 lactc
1000 2700 1082 2744 com-

106 2791 123 2826 «
144 2765 354 2831 manicatione
367 2781 438 2825 cum
456 2764 628 2826 clarissimis
648 2766 810 2846 provinciae
829 2767 1003 2848 jndicibus:
1020 2789 1080 2832 non

105 2881 122 2916 a
143 2857 231 2920 enim
256 2854 397 2915 volumus
416 2852 517 2914 civiles
544 2855 734 2934 magistratus
756 2856 793 2915 de
818 2856 925 2917 talibus
954 2859 1083 2937 negotiis

105 2971 121 3004 n
144 2944 211 3007 ullo
225 2942 318 3005 modo
329 2959 523 3021 cognoscere,
535 2959 570 3003 ea
584 2943 667 3003 enim
682 2942 882 3005 ecclesiastice
893 2943 1080 3025 discutienda

105 3058 120 3094 α
142 3040 239 3109 sunt,
265 3038 296 3092 et
319 3030 561 3110 delinquentium
586 3032 697 3092 animm
718 3032 873 3093 emendari
893 3032 1006 3095 debent
1028 3055 1082 3116 per

104 3147 120 3182 a
144 3139 252 3204 poenas
267 3118 500 3194 ecclesiasticas,
514 3118 599 3200 juxta
615 3137 716 3181 sacros
737 3128 765 3180 et
786 3121 903 3184 divinos
926 3141 1078 3204 canones,

104 3235 119 3271 α
141 3229 222 3293 quos
235 3219 346 3271 nostrae
359 3208 449 3269 etiam
465 3207 545 3287 leges
559 3209 645 3289 sequi
661 3227 721 3270 non
733 3209 970 3290 dedignantur.»
985 3214 1079 3276 Omit-

98 3302 195 3363 timus
215 3299 302 3381 plura
323 3297 381 3358 alia
401 3296 583 3358 documenta
601 3315 669 3377 quae
693 3298 724 3358 in
748 3299 958 3379 probationem
981 3303 1079 3366 afferri

82 3429 84 3436 ·
98 3395 237 3466 possent.
254 3389 335 3467 Ergo
350 3385 481 3446 multbm
493 3390 562 3446 ante
575 3385 720 3446 saeculum
731 3390 770 3448 Xl
781 3389 917 3450 exstabat
930 3390 960 3451 in
974 3393 1077 3455 Eccle-

98 3482 144 3542 n'a
160 3478 260 3540 lorum
275 3485 447 3537 externum.
1092 3485 1097 3502 ’·

139 3567 291 3628 Probatur
306 3569 338 3625 3⁰
353 3563 445 3624 cartis
459 3560 695 3641 definitionibus.
711 3565 745 3624 ln
761 3566 862 3628 Const.
888 3567 974 3627 Licet
986 3568 1077 3649 jactu
1093 3573 1095 3580 ’

95 3655 293 3727 doctrinam,
309 3668 444 3712 errorem
458 3648 590 3728 Marsylii
610 3651 742 3711 Patavini
757 3653 925 3733 profligarit
945 3657 1078 3716 loannes

95 3746 177 3810 XXll
200 3740 402 3824 sequentibus
421 3737 542 3798 verbis:
569 3737 653 3799 nlsti
677 3739 841 3822 blasphemi
867 3741 971 3803 dicunt
995 3743 1098 3822 qubd'
