2618 4212
212 249 445 334 DEClSIO
483 251 526 336 S.
568 181 1063 344 POENITENTIARIAE

489 508 589 575 cluet
607 510 775 578 institutit.

548 726 739 758 hut—nn.

264 1064 501 1132 nninsnnssim
515 1066 676 1142 Pnntours,

189 1247 322 1328 Quidam
338 1248 514 1313 sacerdotes
530 1267 700 1330 regnorum
714 1248 812 1332 Belgii
829 1257 859 1314 ct
873 1249 1061 1329 Hollantliae‚
1078 1253 1117 1318 ad

143 1339 409 1423 tranquillitatem
431 1340 631 1403 conscientias
652 1357 716 1402 suae
737 1348 768 1402 et
782 1339 820 1402 ad
842 1352 960 1405 certam
977 1343 1118 1406 fidelium

142 1431 366 1506 directionem,
382 1427 537 1491 instantor
547 1437 659 1510 petunt
669 1427 709 1490 ab
722 1428 901 1494 Eminentit
914 1431 1022 1516 Vestra
1034 1431 1117 1497 solu·

147 1525 267 1585 tionem
283 1517 483 1598 sequentium
499 1516 672 1580 dubiorum
689 1537 696 1578 :

186 1608 291 1690 Gury,
325 1605 449 1669 Scavini
479 1614 510 1668 et
538 1605 591 1668 alii
620 1603 762 1668 referunt
788 1613 942 1688 tanquam
970 1626 1119 1690 responsa

143 1699 178 1761 fl.
196 1694 437 1760 Poenitentiariae
452 1692 525 1756 data
540 1692 590 1756 die
605 1692 643 1757 lii
655 1694 723 1756 latr.
743 1697 820 1757 rust
835 1715 842 1757 :

191 1809 206 1846 n
228 1786 320 1848 Posse
331 1782 473 1866 personis
484 1801 554 1863 quae
569 1792 641 1845 sunt
654 1783 687 1845 in
705 1791 858 1865 potestate
870 1783 1117 1866 patrisfamilias,

144 1902 160 1933 a
187 1875 236 1937 cni
252 1875 331 1936 laeta
345 1881 392 1934 est
405 1872 545 1952 legitima
562 1870 695 1934 facultas
709 1871 824 1935 edendi
840 1891 961 1950 carnes,
979 1878 1118 1956 permitti

145 1993 161 2021 n
191 1964 233 2026 uti
248 1962 327 2025 cibis
343 1960 561 2044 patrifamilias
574 1959 726 2036 indultis,
751 1960 870 2044 abjecta
885 1963 1065 2028 conditione
1080 1966 1119 2030 de

145 2082 160 2110 ω
191 2071 251 2115 non
267 2048 492 2133 permiscendis
511 2049 708 2130 licitisatque
721 2049 895 2114 interdictis
912 2053 1016 2135 epulis
1036 2063 1065 2116 et
1079 2055 1120 2120 (le

145 2172 161 2200 a.
189 2143 280 2205 unictt
295 2140 484 2204 comestione
499 2139 531 2201 in
547 2138 614 2212 die,
640 2139 678 2200 iis
693 2139 747 2219 qui
760 2137 903 2222 jejunare
918 2151 1075 2208 tenentur.
1100 2168 1115 2205 a
1153 2151 1156 2158 '

190 2233 286 2309 igitur
300 2231 451 2312 quaeritur
473 2246 481 2291 :
500 2232 530 2290 l⁰
553 2233 600 2289 An
623 2227 689 2290 haec
708 2228 858 2292 resolutio
880 2231 982 2295 valeat
1002 2233 1119 2317 ubique

146 2319 329 2385 terrarum?
345 2325 377 2381 2⁰
394 2318 474 2381 Dum
489 2317 603 2380 dicitur
615 2317 755 2398 permitti
775 2337 871 2399 posse,
890 2323 1008 2402 petitur
1022 2321 1039 2384 a
1055 2344 1119 2405 quo

152 2418 208 2473 ita
224 2409 385 2492 permissio
404 2407 508 2470 danda
531 2407 581 2482 sit,
604 2415 635 2469 et
657 2425 697 2469 an
714 2407 847 2470 sufficiat
866 2410 1029 2489 permissio
1046 2413 1119 2476 data

146 2510 165 2564 a
182 2499 315 2582 simplici
330 2494 546 2561 confessario?

191 2589 293 2653 Altera
306 2587 456 2650 resolutio
473 2605 481 2647 ε
500 2584 652 2648 «Fideles
663 2584 848 2664 quitatione
859 2588 959 2648 aetatis
970 2588 1018 2652 vel
1030 2589 1120 2654 labo·

148 2704 165 2739 c
192 2671 1118 2761 risjejunarenontenentur,liciteposscinQuatlragesimt,

148 2794 165 2828 a
192 2769 269 2832 dum
293 2766 456 2830 lndultum
478 2773 743 2836 concessumst,
763 2763 914 2826 omnibus
931 2764 1043 2829 diebus
1065 2768 1120 2830 ln·

148 2883 165 2917 a
191 2857 281 2920 ‹lulto
295 2853 543 2937 comprehensis,
558 2853 639 2916 vesci
655 2850 805 2916 carnibus
820 2853 874 2914 au't
882 2852 1049 2918 lacticiniis
1065 2877 1120 2938 per

152 2973 169 3008 u
194 2945 275 3009 idem
294 2943 457 3008 lndultum
472 2941 644 3025 permissis
665 2942 789 3022 quoties
804 2940 955 3023 pordiem
968 2944 1076 3008 edunt.
1099 2969 1116 3008 a
1185 2989 1188 2994 ,

194 3035 361 3099 Dubitatur
378 3033 475 3114 igitur
498 3049 537 3094 an
554 3032 622 3094 haec
644 3029 796 3093 resolutio
820 3030 923 3093 valeat
942 3031 973 3094 in
993 3032 1120 3099 dioecesi

111 3145 114 3151 ’
153 3129 242 3201 cujus
263 3124 439 3205 Episcopus
460 3123 645 3185 auctoritate
659 3118 833 3196 apostolius
853 3120 998 3183 coneedit
1016 3121 1119 3187 fideli-

156 3219 213 3278 uns
230 3223 274 3289 ut,
291 3213 369 3276 ierit
382 3212 425 3288 2¹,
444 3216 488 3288 3¹,
503 3216 536 3274 5·
552 3211 702 3291 temporis
716 3207 982 3289 quadragesime,
1000 3212 1121 3292 possint

153 3304 249 3368 semel
265 3303 298 3366 in
313 3302 364 3366 die
376 3301 457 3365 vesci
472 3299 622 3363 carnibus
643 3306 674 3360 et
692 3298 772 3373 ovis,
790 3297 828 3359 iis
842 3295 915 3362 roro
931 3299 1121 3380 quitatione

148 3392 254 3457 rotatis
270 3393 318 3456 rel
336 3390 480 3472 jejunare
504 3405 566 3452 non
584 3394 742 3462 tenentur,
758 3381 911 3466 permittit
927 3397 961 3450 ut
981 3391 1049 3453 oris
1064 3411 1118 3456 sae·

151 3483 225 3567 pius
241 3481 273 3545 in
290 3481 341 3546 dic
357 3489 498 3544 utantur.

191 3571 348 3648 Quaeritur
370 3572 474 3651 itaque
499 3587 507 3631 :
533 3571 564 3630 t·
583 3565 631 3628 An
655 3561 927 3632 nonobstantibus
948 3572 1120 3635 memorati

151 3662 261 3740 pluasi
275 3661 336 3724 ouis
352 3677 458 3741 smptus
472 3657 504 3719 in
519 3654 565 3719 dic
580 3663 712 3730 utuntur,
728 3663 759 3718 et
773 3661 880 3718 tenore
894 3656 1117 3735 concessionis,

151 3751 276 3831 possint
290 3750 323 3824 ii,
340 3747 525 3830 quirationo
539 3743 701 3810 stetisset
717 3741 985 3825 laborisJ'eJ‘unare
1001 3762 1064 3808 non
1076 3753 1118 3814 tu·
