2618 4212
556 317 641 362 arnan
662 317 798 364 rannus.
1104 303 1160 366 tlt

182 428 245 491 hac
256 429 367 496 Nostra
383 431 615 498 Constitutione
626 434 802 509 reservatis,
814 434 854 496 iis
868 442 992 500 tantum
1007 438 1162 520 exceptis,

181 535 272 668 ggcalsa
276 520 586 673 ragavi÷er¹rr¹1uSdpostolieae
614 521 687 585 Sodi
711 521 841 604 speciali
869 524 964 589 modo
984 537 1163 590 reservatas

221 695 430 761 Decernentes
450 697 509 762 has
530 699 675 774 Litteras,
699 707 794 781 atque
821 703 929 765 omnia
958 711 990 765 et
1018 702 1158 784 singula,

180 801 253 862 quae
265 784 298 848 in
313 787 359 849 eis
373 791 542 852 constituta
552 807 588 853 ac
600 789 725 852 decreta
734 797 821 863 surrt,
834 808 944 854 ornnes
958 799 988 854 et
1002 792 1153 871 singulas,

179 891 252 952 quae
267 874 299 936 in
314 877 432 940 eisdem
451 877 540 942 factae
554 887 627 943 sunt
654 896 693 941 ex
713 879 925 942 anterioribus
945 879 1158 943 Constitutio-

179 961 277 1024 nibus
299 965 565 1030 Praedeoessorum
582 967 787 1045 Nostrorum,
805 976 897 1048 atque
911 971 1006 1032 etiam
1021 969 1155 1042 Nostris,

180 1058 236 1111 aut
247 1070 285 1114 ex
298 1052 368 1118 aliis
383 1055 478 1118 saeris
492 1055 668 1119 canonibus
681 1055 946 1138 quibuscumque,
964 1059 1058 1120 etiam
1074 1057 1155 1120 Con·-

179 1137 326 1203 eiliorum
342 1143 552 1224 generalium,
568 1153 599 1206 et
624 1144 723 1227 ipsius
744 1144 920 1208 Tridentini
949 1149 1154 1220 mutationes,

178 1227 398 1310 derogationes
412 1241 496 1296 ratas
509 1241 540 1296 et
560 1233 681 1310 firmas,
705 1251 742 1296 ac
763 1235 936 1318 respective
963 1243 1031 1298 rata
1058 1244 1157 1317 atque

208 1603 298 1653 Contra
309 1601 476 1653 mendicantes
488 1608 645 1654 transcuntes
657 1603 688 1652 ad
701 1617 751 1654 non
762 1601 940 1653 mendicantes.
951 1603 1059 1667 (Extraa.
1076 1603 1149 1654 lione

179 1673 333 1735 ambitiose,
346 1673 378 1724 de
387 1675 515 1740 reputor.)

207 1860 297 1912 Contra
315 1859 463 1926 Superiores
483 1875 534 1911 non
555 1859 729 1910 denuntiantes
747 1856 888 1923 religiosos,
902 1871 945 1922 qur
962 1863 1022 1908 sunt
1043 1863 1157 1922 suspecto

178 1931 209 1982 dc
221 1930 319 1991 heresi,
332 1931 521 1997 inquisitoribus
535 1932 574 1983 rel
586 1929 723 1983 ordinariis
737 1928 850 1980 locorum
862 1928 948 1995 (Paul.
959 1927 986 1980 V.
996 1930 1080 1980 Const.
1092 1929 1150 1978 Ro·

178 2017 272 2053 monae
284 2003 430 2068 Pantisce.)

646 2097 683 2150 ΙΙ.

204 2192 295 2246 Contra
306 2191 450 2244 claustrales
464 2192 612 2254 recipientes
630 2191 745 2243 Minimas
757 2191 811 2242 siue
828 2191 927 2242 treenta
939 2190 1020 2258 Papae.
1038 2190 1097 2250 (Jul.
1118 2189 1154 2248 ll,

173 2265 278 2317 Constit.
296 2264 401 2316 Vartute
413 2265 586 2329 conspicuos.)

647 2355 674 2408 V.

89 2501 92 2506 .
172 2457 295 2580 abigaum
307 2455 430 2508 tertiarios
442 2461 569 2522 portantes
587 2453 698 2504 habitum
713 2452 843 2502 Minorem.
862 2450 920 2513 (Leo
936 2451 966 2512 x,
979 2451 1064 2503 Const.
1076 2455 1157 2518 piaet-

254 2529 265 2595 )
638 2622 681 2676 u.

204 2727 294 2778 Contra
308 2724 411 2776 clericos
423 2723 550 2789 regulares
569 2721 698 2774 societatis
711 2721 771 2773 lesu
785 2720 940 2772 discedentes
952 2736 1009 2774 srne
1024 2723 1123 2777 licentra
1136 2743 1158 2778 a·

173 2797 311 2859 Societate,
324 2795 420 2847 etiamsi
440 2801 558 2861 praetextu
578 2793 687 2843 melioris
705 2793 783 2857 frugis
795 2799 921 2844 transeant
940 2794 971 2844 ad
983 2795 1060 2844 alium
1076 2796 1158 2848 0rdi··

174 2883 397 3003 ndegngjfflznipue
407 2873 556 2933 receptores,
569 2864 737 2917 carthusianis
751 2864 868 2929 exceptis.
885 2863 968 2930 (Creg.
981 2865 1040 2930 lllll,
1054 2867 1142 2920 Const.

637 3033 685 3086 ut.

205 3130 294 3182 Contra
307 3129 422 3181 ldinimos
435 3128 609 3180 subtrahentes
620 3143 647 3178 se
661 3127 692 3178 ab
704 3124 862 3178 observantia
875 3129 1055 3176 correctorum.
1070 3125 1161 3187 (Paul.

174 3200 214 3264 ΙΙΙ,
227 3201 312 3254 Const.
329 3201 393 3253 &aaa
402 3201 498 3266 cient.)

631 3291 689 3344 ΙΙΙΙΙ.

204 3393 294 3448 Contra
307 3393 472 3444 subornantes
485 3400 509 3444 et
523 3395 682 3456 procurantes
695 3395 752 3440 rota
772 3386 798 3439 in
813 3383 987 3452 electionibus,
1003 3392 1027 3438 et
1043 3389 1163 3452 compli...

174 3480 225 3526 ces,
236 3481 266 3516 ac
279 3465 423 3530 simpliciter
436 3463 542 3516 scientes
558 3469 582 3514 et
594 3477 646 3513 non
659 3461 798 3512 revelantes
809 3457 899 3524 (Clem.
913 3457 972 3520 lllll,
986 3458 1069 3512 Const.
1085 3459 1162 3510 Nol·-

175 3540 218 3590 laa
227 3539 352 3602 moino.)

641 3636 683 3689 ΙΙΙ.

206 3735 298 3788 Contra
317 3738 437 3786 moniales
462 3737 580 3785 exeuntes
600 3731 631 3783 ds
652 3731 766 3782 clausura
787 3730 882 3804 absque
899 3727 1010 3780 licentia.
1030 3727 1103 3794 (Pius
1122 3728 1158 3792 vg.

176 3809 265 3861 Cenat.
280 3806 393 3860 Deserit
1050 3827 1093 3880 w
