2552 4204
323 377 328 384 “
399 407 402 411 ·
461 405 548 451 claun
568 409 700 454 ruer-tus
1006 397 1064 458 753

88 504 148 566 tico
165 503 315 564 beneficio
331 511 401 564 sunt
421 503 605 584 deponendi,
623 525 660 567 ex
686 525 755 570 can.
769 508 887 586 Oaiper
897 509 1065 588 pecarium,

87 612 179 654 causa
199 597 227 666 l,
243 611 274 673 q.
293 597 320 654 l.
333 593 415 652 ldem
431 603 472 654 est
487 593 651 656 dicendum
671 597 703 656 in
720 615 790 658 casu
807 616 868 676 quo
883 597 1069 659 beneficium

88 681 257 743 simoniace
274 681 426 743 obtinetur
443 681 523 761 (can.
539 683 619 764 Erpa
631 685 814 758 simoniacos,
828 703 919 747 causa
937 689 972 764 l,
989 707 1019 766 q.
1035 692 1067 759 l;

88 775 197 850 etcap.
214 769 259 830 De
275 769 386 845 lrocll,
403 771 447 832 ue
459 772 611 853 aimerici).

129 863 201 922 887.
226 863 259 921 3⁰
279 859 324 920 Ob
338 859 498 921 simoniam
514 862 625 922 realem
646 862 676 923 in
691 862 847 924 beneficiis
858 862 1024 925 incurritur
1040 866 1070 923 l*

91 948 367 1010 excommunicatio
381 949 509 1030 papalis3
526 954 557 1010 2⁰
573 950 655 1011 irrita
669 957 714 1012 est
728 949 846 1025 electio,
864 950 1069 1028 praesentati0,

91 1036 286 1100 confirmatio
300 1043 330 1098 et
347 1037 510 1114 institutio;
526 1039 606 1100 unde
620 1039 686 1100 talis
699 1058 760 1100 non
772 1039 841 1100 facit
856 1037 973 1100 tructus
988 1057 1070 1117 sum,

90 1135 120 1188 et
137 1126 198 1188 hoc
220 1126 290 1188 licet
306 1126 421 1188 crimen
440 1129 557 1189 atertia
574 1131 722 1208 persone,
749 1127 867 1208 proviso
891 1128 1069 1207 ignorante,

90 1215 183 1277 fuerit
198 1215 407 1292 commissum,
425 1224 458 1278 ut
468 1216 594 1278 habetur
608 1221 639 1289 in
654 1236 720 1298 cap.
737 1217 830 1279 Nobis
843 1215 914 1297 tirit,
931 1215 966 1278 de
980 1217 1071 1276 simo·

90 1305 153 1381 nt'd,
163 1305 224 1367 nisi
239 1311 339 1366 tamen
353 1307 489 1386 provisus
498 1307 711 1368 contradixerit
723 1311 800 1388 (cap.
814 1309 864 1382 33,
879 1307 922 1368 Dr
936 1306 1069 1388 simon),

83 1387 153 1476 ¹1quo
168 1394 261 1456 etiam
276 1411 346 1456 casu
358 1395 569 1457 contradicens
579 1395 762 1456 beneficium
777 1413 838 1456 non
851 1409 952 1476 posset
971 1413 1067 1476 accep

82 1441 168 1576 itare,
189 1484 215 1546 si
236 1483 324 1545 sciret
344 1484 505 1564 pecuniam
524 1487 625 1545 revera
649 1483 741 1546 luisse
755 1484 856 1544 datam
874 1485 893 1544 a
916 1483 1002 1544 tertio
1017 1503 1072 1564 pro

85 1571 267 1648 (collatione,
282 1573 353 1633 cirm
366 1573 396 1632 in
411 1571 491 1632 dicto
506 1573 638 1653 capitulo
652 1573 768 1634 dicatur
782 1591 789 1632 :
814 1580 841 1632 te
854 1572 970 1647 penitus
984 1573 1071 1653 ἐφησ-

90 1673 181 1723 rante
189 1681 201 1730 ;
216 1661 261 1722 vel
277 1661 332 1722 nisi
345 1664 361 1722 a
376 1663 464 1722 tertio
478 1661 605 1741 pecunia
620 1661 708 1721 luerit
719 1661 786 1720 data
802 1679 858 1740 per
872 1659 1023 1736 fraudem,
1039 1667 1073 1722 ut

91 1754 233 1834 provisus
243 1750 418 1812 redderetur
429 1749 569 1810 inhabilis
577 1770 586 1824 3
598 1750 643 1811 vel
657 1749 713 1809 nisi
729 1749 809 1809 bona
824 1747 882 1808 fide
895 1766 1071 1828 possessum

89 1841 183 1902 tuerit
199 1839 379 1900 beneficium
391 1858 444 1919 per
458 1839 633 1900 triennium.
652 1840 719 1899 Non
737 1843 856 1898 tenetur
868 1843 968 1898 autem
981 1837 1073 1900 Bene·

87 1918 232 2006 'liciatum
252 1930 342 1990 etiam
367 1935 436 1989 ante
460 1927 645 2004 triennium,
665 1927 825 1988 restituere
850 1925 967 1987 fructus
991 1925 1072 1988 bona

91 2017 153 2080 ude
187 2023 401 2097 consumptos,
431 2016 457 2078 si
485 2016 574 2078 ditior
601 2035 663 2077 non
688 2017 830 2086 evaserit,
872 2033 928 2077 nec
958 2013 1072 2078 tructus

92 2111 254 2188 perceptos
276 2106 386 2167 intuitu
402 2105 484 2166 stolae
506 2113 536 2167 et
552 2105 678 2166 aliarum
702 2105 894 2168 functionum
913 2104 1071 2185 parochia·

92 2197 191 2272 lium,
214 2202 303 2271 prout
330 2195 550 2274 exequiarum,
573 2196 777 2270 concionum,
806 2193 1071 2256 administrationis

92 2289 366 2358 sacramentorum,
377 2289 452 2344 etc:
467 2285 537 2362 quia
549 2284 612 2346 ltaec
624 2303 683 2345 non
696 2291 766 2346 sunt
774 2284 907 2345 redditus
920 2283 1069 2360 beneficii,

93 2375 147 2436 sed
171 2373 203 2433 in
222 2371 369 2452 stipendia
390 2371 478 2432 otlicii
495 2381 673 2452 prestantur
691 2393 698 2434 :
714 2375 754 2434 ita
772 2379 839 2454 post
854 2375 885 2434 S.
901 2373 1070 2448 'l'homam,

92 2465 123 2526 S.
140 2461 266 2541 Liguor.
290 2463 323 2523 3⁰
339 2461 476 2523 Provisus
495 2461 660 2524 simoniace
675 2462 814 2522 inhabilis
839 2462 987 2534 allicitur,
1004 2468 1072 2522 ante

91 2568 220 2613 omnem
236 2549 416 2611 sententiam
430 2550 520 2610 etiam
535 2549 775 2624 declaratoriam,
791 2549 828 2610 ad
853 2550 933 2609 idem
953 2549 1053 2610 bened

91 2641 187 2704 cium.
205 2639 261 2700 etsi
274 2639 434 2699 simoniam
456 2639 575 2704 penitus
590 2639 767 2701 ianorasset.
796 2651 847 2698 aut
869 2637 1053 2700 disnensatir

88 2729 161 2773 nem
172 2710 212 2771 ab
225 2711 376 2789 Episcopo
385 2708 578 2769 obtinuisset.
595 2707 661 2764 Non
677 2712 778 2766 tamen
788 2705 854 2784 ipso
867 2703 933 2781 jure
945 2705 1062 2765 crateris

88 2796 319 2862 suisbeneticiis
335 2798 478 2875 privatur,
490 2811 546 2855 nec
557 2791 700 2854 inhabilis
710 2793 742 2854 lit
752 2792 855 2852 adalia
864 2792 1060 2868 acquirenda,

88 2885 344 2950 antesententiam
353 2881 592 2953 declaratoriam.
606 2879 952 2958 Praefatacongruuntss.
962 2879 1059 2958 Aps.

130 2974 259 3037 Adictis
270 2973 366 3052 excipi
381 2971 471 3033 debet
484 2970 613 3032 simonia
623 2967 784 3031 commissa
798 2967 836 3029 ab
849 2967 1062 3028 examinatori·

89 3063 149 3127 bus
166 3061 387 3123 beneficiorum
399 3058 630 3139 parochialium,
647 3058 677 3118 in
691 3055 807 3138 synodo
822 3055 936 3128 electis,
953 3055 1018 3135 qui,
1037 3053 1062 3116 si

89 3149 206 3234 aliquid
220 3149 365 3231 recipiant
382 3149 542 3210 occasione
555 3148 717 3223 examinis,
737 3147 895 3227 privantur
909 3144 976 3223 ipso
993 3141 1062 3205 lac-

90 3249 134 3316 to,
151 3246 223 3303 ante
236 3255 362 3300 omnem
375 3237 568 3312 sententiam,
585 3235 740 3297 beneficiis
754 3244 843 3296 antea
862 3234 919 3294 rite
932 3229 1065 3295 obtentis

92 3329 200 3408 (Cone.
215 3325 396 3400 Trid.,sess.
413 3330 464 3400 tt,
477 3343 504 3388 c.
519 3329 568 3394 18,
581 3324 716 3406 lieret).
729 3327 869 3385 Attamen
884 3321 972 3383 etiam
989 3329 1063 3387 tunc

91 3416 257 3501 requiritur
270 3415 418 3477 sententia
433 3415 539 3476 saltem
559 3413 757 3475 declaratoria
772 3411 929 3487 criminis3
947 3412 1021 3488 imd,
1037 3413 1062 3476 si

91 3507 134 3570 illi
148 3504 372 3570 examinatores
385 3504 478 3565 velint
494 3502 609 3566 absolvi
629 3501 647 3564 a
663 3500 730 3563 labe
745 3499 894 3574 simoniae,
909 3500 1063 3565 dimittere

91 3597 178 3680 prius
191 3594 304 3657 debent
317 3611 371 3655 sua
385 3592 533 3654 beneficia
545 3592 629 3670 juxta
643 3591 725 3652 idem
739 3589 910 3652 Concilium
921 3590 1002 3668 (ibi.

129 3688 202 3752 888.
219 3686 253 3746 l·
265 3681 312 3746 Ob
328 3681 484 3743 simoniam
497 3679 745 3762 confidentiam,
759 3679 877 3740 etiamsi
891 3679 981 3740 luerit
993 3685 1062 3742 tan·

92 3774 159 3840 tum
181 3770 435 3845 conventionalis,
450 3772 647 3832 incurrantur
663 3790 671 3831 r
693 3768 726 3828 l⁰
741 3768 935 3829 interdictum
950 3765 989 3828 ab
1012 3766 1062 3828 in·

93 3883 200 3949 gressu
210 3861 365 3936 ecclcsiae3
380 3865 414 3922 2⁰
420 3859 695 3923 excommunicatio
706 3856 831 3938 papalis,
842 3856 908 3936 ipso
916 3854 1017 3995 sacwgi
1027 3858 1062 3918 3⁰
