2552 4204
627 413 727 462 tuuttx.

1074 478 1160 534 Pagina

193 560 284 612 Numeri.

307 626 395 683 Cnrur
427 559 1040 669 HL-Desaeramentatibusetbeuedietioni·
1119 626 1172 684 525

213 793 276 850 699.
350 784 403 836 drt.
426 775 445 830 1.
487 681 850 818 -ttiuiiniminittbiss
1123 707 1173 840 ἦτ’ἳὸἵ

215 873 276 930 tut.
352 865 405 916 ttrt.
426 853 459 910 11.
490 841 574 898 —De
589 820 816 892 Benedictionibus
819 838 1047 870 ......

249 945 251 948 ’
328 943 334 960 “
440 930 480 988 lV.
492 956 529 966 -·
539 919 577 977 De
590 897 847 971 Contraternitatibus
851 917 1048 948 .....
1123 864 1176 922 535

537 1001 574 1056 De
591 991 671 1050 modo
688 974 839 1040 instituendi
854 976 880 1025 et
892 955 1051 1038 aggregandi

554 1065 788 1134 confraternitates.
851 1076 1048 1106 .....
1141 1022 1177 1078 tt.

239 1190 280 1246 10.
357 1183 410 1235 nrt
433 1173 464 1227 u.
491 1121 1055 1228 -DeEp'rseoporunrauetorituteincou-
1129 1183 1181 1240 536

558 1231 739 1293 fraternitates.
795 1259 801 1272 .
856 1253 862 1266 .
903 1252 907 1262 ,
949 1243 956 1258 .
996 1239 1004 1253 .
1044 1233 1053 1249 .

543 1314 668 1386 Quaedurn
679 1306 727 1361 alia
741 1300 808 1356 eirca
819 1281 1053 1374 eontrnter'nitates.
1131 1263 1183 1320 538

543 1400 580 1456 De
604 1385 720 1462 exequiis
744 1387 770 1436 et
792 1364 957 1430 eoerneterris.
997 1399 1004 1414 .
1048 1395 1054 1409 .

218 1031 269 1090 769
354 1025 408 1075 nrt.
430 1015 450 1068 l.
487 1034 524 1074 ·,·

220 1194 233 1248 t

223 1353 284 1406 trt.
358 1331 527 1394 656116-

324 1426 412 1478 dnrur
447 1409 474 1463 tt.
495 1435 530 1446 -
1132 1345 1184 1400 ste

226 1508 288 1564 715.
361 1504 416 1554 Art.
437 1492 456 1544 l.
500 1479 714 1540 -Deexequus
718 1483 957 1516 ......
995 1465 1006 1492 s
1051 1476 1056 1488 .
1148 1424 1183 1478 it.

229 1590 291 1644 iti.
365 1581 418 1634 Art.
441 1570 472 1626 lt.
499 1541 755 1615 -Decoenteteriis
759 1555 1055 1593 .......
1134 1502 1187 1560 556

331 1671 419 1726 CAPUT
449 1631 758 1712 Vl.-Deloeissauris.
815 1665 821 1678 .
862 1663 867 1674 .
908 1657 914 1671 .
956 1656 961 1666 .
1005 1651 1010 1662 .
1051 1645 1057 1656 .
1137 1594 1189 1654 555

371 1757 424 1812 Art.
447 1750 466 1803 l.
502 1773 535 1784 -·
550 1732 617 1804 Quid
631 1728 683 1784 sint
694 1723 752 1778 loen
766 1730 848 1775 suere,
864 1708 896 1764 de
911 1702 1063 1758 eorum'un-

567 1798 812 1886 tiquitateettormt
816 1815 1062 1847 ......

500 1893 616 1963 -Quid
646 1881 791 1958 requiratur
821 1872 852 1928 ud
888 1856 1067 1921 aedideundarn

570 1971 715 2031 seetesrern.
763 1999 770 2013 .
818 1996 824 2008 .
870 1987 876 1998 ·
915 1987 922 2000 .
961 1981 968 1996 .
1008 1978 1015 1993 .
1057 1973 1065 1989 .

237 2083 296 2140 7⁶23.
372 2079 428 2130 nrt.
449 2066 494 2122 ur.
508 2091 541 2106 -
557 2053 716 2122 Quibusnam
729 2033 878 2094 incumbant
892 2019 1068 2097 reparationes

573 2141 617 2190 aut
633 2117 832 2183 restaurationes
847 2111 873 2164 iu
892 2100 1006 2161 eeclesiis
1031 2096 1043 2149 t
1055 2124 1069 2136 -

591 2233 597 2266 r
652 2227 656 2239 ·
678 2216 1067 2260 .........

240 2323 301 2377 teu.
377 2315 433 2366 Art.
454 2304 495 2360 IV.
511 2328 547 2342 -
561 2209 680 2360 (iuiddsdit
700 2273 847 2335 benedictio
868 2275 894 2322 et
912 2255 1071 2319 consecratio

576 2365 763 2428 eeclesiarum,
780 2363 805 2410 et
818 2349 880 2426 quid
895 2346 927 2401 de
941 2343 972 2396 iis
987 2340 1000 2392 d
1012 2337 1072 2410 jure

231 1768 292 1823 rte.
1160 1766 1180 1820 'b

1154 1784 1164 1820 t
1183 1807 1189 1818 .

234 1927 295 1983 tte.
370 1919 424 1972 Art.
445 1908 478 1964 ll.
1141 1925 1194 1982 m

1160 1943 1175 1980 o

580 2452 612 2508 sit
627 2439 818 2522 praeseriptunr.
875 2456 1072 2485 .....
1147 2405 1199 2463 560

244 2561 304 2618 766.
379 2555 434 2607 drt.
454 2543 483 2598 t.
506 2567 541 2582 -
556 2528 726 2600 Quandonunr
739 2513 856 2574 eeclesiae
871 2507 1034 2565 execrentur,
1049 2501 1077 2550 et

580 2609 642 2686 quid
653 2614 714 2661 tune
729 2601 763 2656 sit
777 2589 931 2650 iaciendum.
972 2623 979 2637 .
1020 2621 1027 2632 .
1069 2616 1076 2630 .
1149 2565 1200 2623 563

231 2711 306 2776 557.
382 2714 436 2766 Art.
457 2702 499 2756 vl.
510 2727 546 2740 -
560 2685 696 2760 Quomodo
710 2679 857 2756 polluuntur
870 2663 1003 2726 ecelesiae,
1014 2657 1078 2712 nitu-

584 2771 638 2836 rin,
658 2757 825 2820 eoerneteria;
844 2744 946 2820 etquid
966 2748 1027 2796 tunc
1045 2735 1080 2791 sit
1098 2724 1101 2730 ’

583 2847 722 2923 agendum.
772 2881 778 2894 .
832 2857 1077 2887 ......

249 2959 310 3015 733.
388 2951 442 3004 Art.
463 2940 565 2994 VH.--
580 2919 779 3000 Desupeltertili
797 2907 974 2970 eeclesiarum.
1022 2940 1028 2953 .
1070 2937 1076 2950 .

250 3041 311 3094 735.
386 3031 444 3082 Art.
465 3017 570 3072 tttla-
585 3011 621 3065 De
632 3000 804 3081 prohibitione
814 3009 847 3047 ne
857 2986 920 3044 certi
934 2990 1006 3038 aetus
1021 2977 1084 3030 frunt
1109 3013 1112 3019 .

622 3092 650 3142 in
667 3083 733 3139 loeis
747 3074 837 3135 saeris.
884 3097 1082 3124 .....

252 3209 312 3266 736.
354 3199 442 3255 Cnrur
474 3185 576 3240 561.-
592 3179 628 3234 De
641 3177 698 3266 jure
712 3165 832 3238 liturgico
847 3156 920 3215 etde
940 3149 1027 3208 oilirio
1041 3146 1085 3200 dt-

626 3272 695 3310 nno.

254 3367 314 3422 tdt.
389 3362 443 3412 Art.
465 3351 486 3404 1.
521 3373 556 3386 -·
566 3341 602 3396 [te
617 3338 744 3412 potestate
760 3326 791 3382 nd
806 3335 883 3397 quarn
896 3319 995 3390 speetat
1008 3309 1087 3362 titur-

625 3416 693 3489 giam
718 3415 831 3466 statuere
856 3406 882 3455 et
903 3394 1032 3451 orttinare.
1074 3429 1081 3441 .

391 3522 445 3572 Art.
467 3509 500 3566 n.
520 3533 556 3547 -
570 3500 606 3555 [te
625 3501 692 3551 stetu
706 3487 818 3557 liturgiae
837 3486 896 3536 ante
914 3476 941 3531 S.
961 3471 1036 3527 Piurn
1055 3465 1085 3520 V.

570 3581 606 3636 Ue
624 3571 729 3644 liturgid
749 3563 832 3640 qrrntis
848 3556 924 3614 suerit
942 3546 1089 3608 ordinatii

213 3718 216 3724 ·
596 3666 714 3728 ternpore
725 3649 751 3705 S.
770 3645 807 3700 Pii
822 3641 857 3714 V.x
892 3667 1088 3692 .....

263 3765 320 3820 tor.
397 3758 450 3810 Art.
471 3739 610 3803 itt-uo
625 3730 775 3789 recitatione
790 3719 869 3778 divini
884 3713 971 3772 officii.
1033 3749 1040 3763 .
1081 3749 1088 3762 .

432 3830 447 3904 ἓ
466 3830 485 3885 1.
523 3851 559 3866 -
573 3817 684 3884 Quinam
707 3811 842 3865 teneantur
861 3798 893 3853 ud
914 3792 1027 3850 officiunt
1048 3787 1091 3841 di-

599 3896 697 3950 uinum.

1151 2807 1201 2864 565

1152 2885 1201 2944 5ἳο

1154 3047 1201 3105 did

1155 3215 1203 3274 575

256 3527 317 3584 rso.
1158 3377 1204 3513 sii

258 3607 317 3662 tto,
391 3600 446 3652 Art.
468 3589 512 3644 ru.
526 3614 553 3624 -

1158 3615 1207 3753 td

261 3845 321 3900 tud.

1161 3854 1211 3913 stt
