2574 4198
183 253 245 312 ,629
459 257 611 303 utenbura
630 256 712 301 tutus
733 255 881 302 cahoutct.

226 367 294 424 770.
308 360 357 424 Sic
371 365 470 422 autem
486 358 619 420 Fabricae
633 357 819 438 parochiales
831 357 1012 420 ordinantur
1024 359 1057 419 in
1069 359 1165 422 Callia

187 471 224 514 cx
237 453 365 513 Decreta
378 453 417 512 30
430 447 583 510 decembr.
601 451 699 510 1809:
722 453 861 509 constant
879 446 997 509 duabus
1013 447 1164 528 partibus,

188 539 318 615 Consilio
339 555 448 617 nempe
469 534 512 616 (le
534 533 662 618 Conseit)
683 542 713 598 et
736 535 868 616 Collegio
888 535 1166 599 Matriculariorum

187 626 227 710 (le
240 627 348 690 bureau
361 624 410 687 der
422 625 659 706 marpuilliers):
673 624 711 686 ad
721 625 854 705 primum
865 630 977 705 spectat
987 624 1167 688 deliberatio
1275 631 1276 694 Q

101 762 105 768 -
153 765 155 774 .
189 723 218 780 et
240 723 370 796 potestas
392 713 574 777 decernendi
596 715 730 776 circaea
755 731 823 795 quae
846 712 982 776 iacienda
1005 719 1103 785 sunt;
1127 711 1167 774 ad

189 804 357 868 secundum
378 805 516 866 executio
536 803 734 866 resolutorum
750 809 780 864 et
797 821 870 864 cura
888 802 1040 864 bonorum
1062 802 1165 883 quoti·

189 893 289 955 diana.

229 979 393 1043 Consilium
408 987 509 1042 autem
523 980 658 1042 Fabricoe
671 985 787 1061 septem
805 981 850 1042 vel
871 980 1013 1043 undecim
1029 982 1169 1044 membra

191 1070 300 1132 habere
320 1070 408 1131 dehet
425 1078 562 1150 :septem
581 1068 705 1148 quidem
724 1069 755 1130 in
779 1069 917 1149 paroeciis
931 1069 961 1129 in
977 1069 1090 1150 quibus
1106 1089 1169 1132 non
1276 1085 1277 1106 ³

191 1158 301 1220 adsunt
313 1161 405 1232 5‚000
418 1158 606 1234 animarum;
624 1157 765 1219 undecim
776 1159 847 1220 verd
861 1158 891 1218 in
906 1159 1044 1238 paroeciis
1060 1159 1092 1220 in
1105 1160 1169 1240 qui·

192 1247 248 1308 bus
262 1250 355 1320 douo
372 1253 584 1327 computantur
599 1247 700 1307 :inter
715 1247 765 1308 illa
778 1247 893 1325 dejure
907 1247 1085 1310 recensendi
1098 1256 1171 1311 sunt

192 1341 256 1396 tum
271 1334 419 1414 parochus
433 1341 498 1395 tum
513 1335 607 1412 Major
621 1336 844 1398 communitatis
857 1335 902 1418 (le
915 1335 1024 1415 moire)
1033 1357 1043 1411 ;
1059 1345 1170 1400 caetera
1277 1391 1278 1428 ,

192 1424 352 1500 membra,
380 1430 488 1504 praeter
511 1424 674 1502 parochum
699 1431 729 1486 el
751 1426 895 1503 Majorem
919 1426 1168 1502 communitatis,
1277 1435 1278 1466 ³

193 1513 292 1593 prima
305 1515 370 1574 vice
384 1513 538 1593 eliguntur
554 1532 608 1592 pro
623 1513 736 1594 majore
751 1521 835 1595 parte
855 1515 893 1574 ab
917 1513 1087 1596 Episcopo,
1114 1534 1172 1595 pro

194 1603 311 1664 minore
326 1609 426 1664 autem
441 1603 548 1682 partea
559 1601 701 1664 Praefecto
716 1622 722 1662 :
739 1603 883 1682 deinceps
898 1603 971 1665 verb
985 1609 1172 1666 renovantur

194 1710 231 1752 ex
245 1697 345 1772 parte,
365 1691 490 1770 singulis
510 1691 667 1766 trienniis,
691 1710 744 1772 per
763 1691 940 1754 electionem
960 1690 1170 1754 laciendamh

195 1780 339 1842 membris
353 1799 421 1861 quae
435 1781 571 1842 nondum
590 1787 709 1861 tempus
729 1781 925 1861 expleverunt
942 1799 996 1862 per
1010 1780 1093 1862 quod
1112 1779 1169 1844 du-

195 1888 261 1930 rare
274 1869 365 1931 debet
377 1869 497 1930 illorum
512 1869 661 1946 officium,
677 1868 707 1930 id
721 1875 767 1930 est
780 1888 832 1930 sex
847 1888 953 1932 annos.
1278 1917 1279 1942 ,

234 1957 368 2020 Fabricae
383 1958 547 2019 Consiliarii
561 1957 674 2018 debent
686 1976 751 2019 esse
771 1958 930 2033 catholici,
952 1958 1120 2036 notabiles,
1141 1966 1171 2020 et

195 2046 305 2108 habere
318 2045 506 2108 domicilium
521 2064 610 2107 suum
625 2045 656 2106 in
669 2046 821 2127 parochia.

235 2134 400 2196 Conveniie
418 2134 529 2195 debent
546 2133 721 2214 regulariter
739 2145 845 2214 quater
859 2135 891 2198 in
905 2154 988 2198 anno
1005 2134 1171 2199 videlicet:

196 2223 348 2286 dominica
363 2221 550 2299 Quasimodo,
571 2232 601 2286 et
617 2223 722 2304 primis
744 2225 909 2286 Dominicis
929 2223 1016 2306 julii,
1040 2225 1173 2288 octobris

197 2319 226 2374 et
236 2312 366 2392 januarii
384 2333 390 2373 :
407 2313 568 2374 electiones
585 2313 767 2387 triennales,
791 2314 899 2376 electio
919 2331 1021 2376 annua
1035 2313 1173 2394 praesidis
1279 2349 1280 2378 1

197 2408 226 2462 et
248 2401 419 2476 secretarii,
448 2401 574 2464 redditio
606 2409 818 2482 computorum
842 2411 871 2463 et
893 2401 1068 2466 deliberatio
1092 2403 1172 2466 circa

197 2490 363 2571 budgetum
371 2491 546 2572 regulariter
555 2490 709 2553 dominice
717 2489 891 2565 Occst'modo
901 2498 970 2554 sunt
978 2492 1170 2572 peragendae.

238 2580 403 2661 Collegium
417 2587 518 2642 autem
537 2579 579 2661 (le
597 2580 717 2662 bureau)
732 2581 872 2642 coalescit
891 2599 928 2642 ex
950 2579 1096 2661 parocho,
1118 2582 1170 2663 qui

198 2687 317 2749 semper
330 2669 409 2730 etde
420 2669 489 2746 jure
498 2676 543 2731 est
552 2669 737 2745 membrum,
750 2677 780 2730 et
793 2670 937 2732 extribus
950 2669 1016 2730 aliis
1025 2670 1173 2732 membris

200 2757 338 2835 Consilii,
355 2775 424 2838 quae
438 2758 476 2818 ab
489 2757 555 2838 ipsu
568 2759 699 2821 Consilio
712 2759 846 2839 primbm
859 2759 1074 2838 designentur,
1089 2761 1171 2821 etita

198 2847 340 2928 deinceps
353 2846 391 2909 ab
405 2865 441 2908 eo
455 2847 592 2910 renovari
605 2847 716 2910 debent
730 2854 763 2910 ut
775 2866 872 2910 unum
890 2866 929 2909 ex
946 2844 1019 2927 ipsis
1037 2856 1172 2912 mutetur

198 2938 324 3020 singulis
336 2937 424 2999 annis
437 2935 482 2998 vel
495 2936 666 3017 reeligatur.

238 3027 402 3108 Collegium
416 3026 472 3086 sibi
487 3026 569 3105 eligit
582 3024 743 3106 quotannis
757 3024 935 3101 Persidem,
952 3027 1171 3108 secretarium,

200 3125 228 3180 et
239 3116 487 3191 'thesaurarium
500 3115 677 3194 regulariter
686 3115 846 3178 convenire
855 3113 944 3176 debet
954 3114 1081 3195 singulis
1089 3135 1173 3180 men·

199 3207 304 3281 sibus,
329 3213 359 3268 at
379 3208 476 3286 potest
493 3203 727 3266 extraordinarie
741 3205 904 3275 convenire
917 3204 1173 3289 quotiescumque

199 3295 311 3377 expetit
324 3293 490 3376 parochus,
505 3293 550 3355 vel
565 3293 691 3374 requirit
703 3311 823 3373 praeses.

238 3386 311 3445 Haec
331 3385 433 3444 omnia
452 3389 481 3444 et
502 3382 587 3463 plura
607 3383 665 3444 alia
685 3400 753 3462 quae
768 3389 904 3463 spectant
918 3383 1173 3464 compositionem

200 3471 317 3536 consilii
331 3480 360 3534 et
374 3472 512 3551 collegii,
535 3472 638 3534 munia
656 3470 830 3552 utriusque,
852 3477 883 3532 et
901 3471 1054 3534 variorum
1073 3491 1172 3538 mem·

200 3559 325 3622 brorum
339 3561 448 3641 quibus
461 3567 619 3632 constant,
635 3561 860 3641 perceptionem
872 3559 1065 3639 reddituum,
1080 3582 1172 3626 onera

200 3649 345 3723 Fabricae,
361 3649 611 3730 praeparationem
620 3657 649 3712 et
662 3649 908 3731 approbationem
920 3649 1053 3731 budgeti,
1068 3652 1171 3716 reddi-

202 3739 311 3799 tionem
339 3743 573 3811 eomputorum,
600 3740 728 3809 modum
747 3767 781 3813 at·
807 3738 922 3801 uirendi
943 3757 979 3802 ac
1002 3739 1170 3819 alienandi,
