2590 4208
211 188 250 256 ot
479 202 632 248 restruunt
656 201 738 248 tuuis
759 202 905 250 annontui.

213 319 271 381 bns
281 309 449 392 argaaliud
464 313 690 375 monasterinm
703 311 803 386 lactis,
819 320 959 391 qnando,
972 309 1077 392 quoad
1091 310 1186 374 bono

211 423 282 470 rum
308 401 631 476 administrationem,
647 401 749 464 eidem
779 401 931 480 superiori
955 400 1096 479 generali
1123 417 1187 462 non

211 493 318 558 subest
341 506 384 550 ac·
403 487 562 551 alienans,
585 489 630 551 lta
658 489 690 552 S.
719 487 831 567 uongr.
855 487 982 550 attulit
1010 488 1101 551 tour.
1119 485 1188 569 (Des

213 580 450 651 Courmanaute's,
467 581 634 653 etc.,812;
650 587 681 640 ot
696 576 848 652 Manuale,
866 589 902 638 n⁰
917 575 1023 658 autu.)

175 702 177 706 .
252 670 366 730 Praeter
393 667 629 747 beneplacitum
662 661 877 746 Apostolicu'm
903 666 1080 745 requiritur
1106 666 1188 746 justa

213 776 319 832 eausa,
334 755 525 817 necessitatis
539 773 654 837 nempe
666 755 715 818 vel
729 761 820 817 certae
833 753 987 816 utilitatis.
1003 755 1107 836 (Dect.
1122 756 1188 817 Am·

212 847 333 910 biliosa.

253 937 297 997 An
315 843 420 996 alitem
433 940 520 995 extra
535 933 657 994 italiam
668 931 809 1011 obligare
822 929 950 994 desierit
963 931 1015 994 lex
1036 929 1186 1012 Benepla-

213 1025 267 1087 et'ti
280 1022 449 1104 Apostoliei,
466 1039 525 1103 pro
540 1021 715 1084 alienandis
734 1021 952 1086 immobilibus
967 1029 998 1084 et
1015 1018 1187 1082 mobilibus

213 1112 376 1194 pretiosis,
399 1110 468 1172 ride
483 1108 631 1185 Manuale,
649 1121 684 1171 n⁰
697 1108 794 1186 esta,
811 1119 841 1172 et
858 1109 1097 1185 Commanaute's,
1114 1117 1185 1181 etc..

213 1201 254 1262 11¹⁸
271 1204 345 1275 795,
364 1208 422 1261 etc.
611 1207 613 1212 '

254 1293 341 1352 1008.
366 1287 492 1362 Quaerit.
509 1286 541 1349 2⁰
556 1289 603 1350 dn
619 1288 659 1350 ab
674 1287 840 1352 Ordinario
854 1286 1013 1370 pendeant
1027 1286 1186 1366 regulares

214 1378 319 1460 quoad
339 1377 496 1440 bonorum
511 1377 735 1442 alienationem
751 1388 781 1441 et
794 1375 1125 1440 administrationemi

254 1467 345 1548 Resp.
362 1465 414 1527 Ab
430 1465 485 1528 illo
505 1483 567 1527 non
584 1466 723 1548 pendent
736 1466 841 1548 quoad
865 1465 1073 1528 alienationes
1088 1464 1188 1527 bene-
1281 1523 1282 1530 ,

215 1557 367 1639 placitum
388 1554 597 1636 apostolicum
620 1557 795 1635 exigentes,
828 1555 903 1636 qnia
928 1554 1042 1616 sufficit
1064 1553 1187 1617 Summi

215 1645 373 1708 Pontilicis
387 1643 525 1706 licentia.
543 1642 602 1707 Sed
618 1645 658 1708 ab
670 1645 781 1708 eodem
794 1645 933 1726 pendent
947 1642 1054 1724 quoad
1070 1642 1187 1705 aliena·

146 1739 150 1746 “
215 1735 333 1798 tionem
349 1732 561 1795 immobilium
576 1733 685 1796 modici
697 1733 818 1810 caloris,
835 1733 946 1796 saltem
962 1732 987 1792 si
1002 1732 1188 1794 communi·
1284 1809 1285 1812 Ἴ

214 1835 260 1886 tas
276 1841 338 1885 non
356 1823 394 1884 sit
409 1829 565 1903 exempta.
583 1821 710 1885 Constat
724 1842 761 1886 ex
774 1841 842 1904 cap.
870 1820 1018 1895 Terralas,
1040 1817 1091 1894 tt,
1108 1839 1141 1902 q.
1156 1825 1187 1882 2.
1285 1858 1286 1886 t

254 1911 363 1988 Quoad
376 1928 451 1973 nero
466 1911 687 1973 alienationem
703 1911 869 1974 mobilium
885 1928 947 1972 non
964 1909 1187 1991 pretiosorum,
1286 1966 1287 1974 ,

214 1999 474 2080 distinguendum
490 2009 536 2062 est
551 2001 633 2062 inter
647 2001 786 2064 virorum
808 2008 838 2064 et
854 2001 1022 2062 mulierum
1037 2017 1188 2062 eommu-

214 2091 327 2152 nitates
343 2109 350 2151 :
368 2089 400 2150 in
418 2088 574 2168 prioribus
588 2089 687 2152 libera
702 2089 835 2153 omnino
847 2097 894 2151 est
908 2088 1067 2150 bonorum
1082 2087 1188 2150 admi-

180 2259 184 2264 .
214 2178 368 2240 nistratio.
389 2176 433 2238 lta
455 2176 513 2239 luit
535 2177 674 2240 decisum
695 2178 799 2260 quoad
819 2177 1042 2251 Oratorianas,
1065 2178 1186 2241 contir-

215 2276 322 2329 mante
338 2264 504 2328 Benedicta
519 2265 597 2330 Xlil.
616 2267 782 2349 (Manuale,
798 2278 833 2328 n⁰
847 2265 952 2349 2927.)

254 2357 439 2418 Secnsvero
457 2352 495 2415 de
520 2357 800 2420 communitatibus
822 2356 991 2418 mulierum
1017 2376 1024 2418 :
1049 2356 1131 2420 Nam
1156 2357 1188 2420 iu

215 2463 271 2508 sna
292 2446 396 2506 Const.
417 2443 627 2523 Inserntabili,
652 2447 696 2508 sic
711 2446 807 2508 babet
822 2444 948 2525 Gragor.
966 2444 1042 2521 XV,
1062 2450 1081 2508 5
1107 2446 1187 2509 t'ebr.

216 2538 310 2598 {6221
329 2533 615 2597 «administrantes
628 2534 750 2599 bona...
767 2533 1075 2609 sanctimonialium,
1091 2537 1191 2599 etiam

215 2644 231 2683 ι
256 2622 456 2702 regularibus
474 2624 724 2704 subjectarum...
748 2625 813 2687 sive
837 2625 996 2703 regulares
1009 2625 1191 2704 extiterint,

215 2733 231 2770 n
256 2713 322 2773 sive
337 2711 500 2773 saeeulares
515 2713 754 2794 quomodolibet
768 2713 916 2793 exempti,
932 2711 1100 2795 Episcopo
1116 2713 1190 2788 loci,

216 2822 231 2861 n
257 2800 406 2864 adhibitis
420 2802 513 2864 etiam
529 2803 745 2884 superioribus
760 2802 969 2889 regularibus,
987 2803 1123 2882 singulis
1137 2823 1193 2868 an·

217 2912 230 2950 a
257 2891 318 2967 nis,
334 2891 471 2954 rationes
484 2890 776 2969 administrationis,
792 2892 889 2972 gratis
903 2900 1006 2954 tamen
1021 2893 1191 2972 exigendas

217 2979 386 3043 »reddere
408 2989 593 3057 teneantnr;
613 2980 652 3042 ad
677 2980 774 3062 idque
798 2981 878 3062 juris
902 2981 1047 3043 remediis
1068 2985 1139 3064 cogi
1163 2994 1193 3048 et

217 3091 233 3131 ι
257 3069 405 3150 compelli
419 3079 548 3150 queant.
570 3070 737 3150 Liceatque
755 3069 930 3152 Episcopo,
956 3088 992 3131 ex
1009 3071 1192 3136 rationabili

219 3182 234 3220 n
259 3175 373 3231 eausa,
390 3158 567 3236 superiores
582 3159 742 3240 regulares
763 3157 955 3234 admonere,
980 3167 1015 3221 ut
1035 3161 1193 3241 ejusmodi

219 3270 234 3307 e
261 3245 529 3310 administratores
543 3256 729 3320 amoveant;
747 3248 848 3330 iisque
865 3247 1083 3327 superioribus
1098 3250 1131 3313 id
1144 3250 1194 3314 la·

221 3357 236 3396 e
261 3352 331 3396 cere
341 3333 588 3398 detrectantibus
603 3345 657 3400 aut
672 3335 915 3416 negligentibus,
932 3337 1048 3400 lrabeat
1065 3339 1194 3419 Episco-

223 3444 238 3484 a
263 3440 322 3503 pas
338 3419 518 3485 facultatem
535 3424 734 3505 praedictos...
746 3425 1016 3488 administratores
1028 3430 1194 3494 amovendi

224 3533 240 3572 ι
264 3512 387 3592 quoties
411 3519 442 3574 et
462 3513 592 3594 quando
614 3531 697 3595 opus
715 3532 783 3576 esse
800 3513 988 3593 judicaverit
1008 3536 1039 3577 u.
1071 3516 1106 3578 ln
1133 3537 1197 3598 quo

212 3600 394 3668 ,amotionis
409 3618 482 3664 casu
505 3603 678 3684 Episcopus
692 3610 817 3665 tenetur
837 3602 1056 3684 superioribus
1070 3609 1196 3687 regule·

226 3689 312 3752 ribus
326 3688 464 3752 indicare
478 3708 575 3771 quam
588 3691 629 3754 ob
642 3710 769 3754 causam
785 3692 829 3754 sic
843 3700 924 3779 ngat.
