2574 4198
192 345 254 402 611
469 354 620 398 urrunnu
641 354 725 398 runis
745 353 893 402 cruuntur.

236 457 269 514 ln
285 452 418 513 secundo
433 471 523 525 casu,
539 453 662 531 quando
677 470 787 532 nempe
801 453 893 528 bona,
913 453 1102 518 dGubernio
1122 477 1172 522 ac-

193 541 316 621 -quisila,
333 541 371 600 ab
390 541 455 621 ipso
469 535 594 602 'luerunt
608 547 750 624 usurpata
765 548 830 620 post
844 541 1086 620 Concordatum,
1102 554 1174 610 tunc

199 647 259 689 non
275 630 394 691 videtur
408 648 496 710 posse
511 629 541 689 in
561 628 689 690 dubiurn
708 629 838 689 revocari
861 628 942 710 qudd
965 630 1103 710 ipsorum
1125 655 1175 700 ac-

195 717 320 798 quisitio
342 717 381 780 sit
400 718 549 790 invalida,
576 717 632 777 nisi
656 715 778 797 speciali
799 716 920 778 Indulto
942 718 1066 782 obtenta
1088 722 1177 786 fuerit

194 807 217 866 a
231 807 261 866 S.
277 807 352 868 Sede
367 806 549 868 condonatio
564 805 717 866 reruursic
731 805 1178 884 acquisitar·um.Conf1rmatur

198 893 265 956 lraec
279 895 388 956 solutio
402 895 598 974 responsione
613 895 643 954 S.
659 893 902 968 Poenitentiariae,
914 898 932 955 2
940 894 1072 976 januarii
1086 904 1177 977 1838,

194 981 268 1044 data
281 1003 336 1064 pro
348 983 471 1046 dioecesi
486 981 710 1057 Cameracensi,
722 999 790 1061 quoe
801 981 859 1062 legi
870 989 966 1062 potest
980 984 1011 1044 in
1026 985 1177 1069 Manuali,

202 1081 235 1132 n⁰
249 1076 340 1134 5269.

241 1161 272 1220 Si
287 1161 410 1222 tandem
425 1162 553 1241 quaestio
573 1160 611 1220 sit
628 1158 666 1220 de
688 1157 775 1220 bonis
794 1158 1002 1224 ecclesiasticis
1025 1169 1180 1247 usurpatis

196 1246 240 1310 ab
253 1249 320 1310 aliis
333 1251 425 1328 quarn
441 1251 459 1310 a
473 1248 644 1320 Guberni0,
661 1267 689 1308 v.
706 1266 750 1326 g.,
765 1246 788 1306 si
804 1253 910 1326 agatur
922 1248 960 1309 de
978 1249 1084 1330 bonis,
1110 1274 1179 1335 quos

201 1337 282 1418 apud
305 1339 434 1418 privatos
458 1342 689 1410 remanserunt,
716 1333 871 1395 Gubernio
895 1335 1074 1417 ignorante,
1097 1347 1180 1406 certe

199 1425 384 1487 condonatio
396 1427 412 1486 b
426 1427 457 1487 S.
475 1425 551 1486 Sede
566 1423 643 1486 facta
657 1423 832 1502 hujusmodi
853 1421 931 1486 bona
953 1445 1013 1488 non
1033 1448 1180 1512 cornpre·

198 1513 305 1576 bendit
321 1534 328 1573 :
351 1513 433 1576 unde
456 1514 493 1574 de
510 1513 567 1574 illis
578 1510 776 1592 judicandum
791 1517 836 1572 est
850 1530 885 1573 ac
905 1513 943 1574 de
958 1517 1076 1579 caeteris
1091 1519 1180 1584 bonis

203 1604 313 1682 injuste
327 1603 477 1683 usurpatis
486 1609 516 1663 et
528 1601 673 1662 detentis:
682 1619 750 1680 quae
761 1600 887 1680 proinde
896 1609 967 1664 sunt
980 1607 1178 1687 restituenda,

194 1693 284 1772 juxta
299 1692 417 1773 regulas
432 1691 583 1752 traditasb
604 1689 766 1769 Theologis
786 1689 818 1748 in
836 1695 963 1754 tractatu
980 1693 1019 1755 de
1036 1696 1177 1771 lustitia,

203 1799 259 1844 nec
271 1783 315 1843 eis
328 1781 514 1862 praescriptio
527 1785 571 1840 est
585 1777 764 1858 applicanda
779 1777 835 1838 nisi
855 1777 892 1839 sit
910 1780 1053 1843 omuibus
1069 1786 1178 1848 condr-

203 1870 335 1932 tionibus
349 1870 452 1932 vestila
466 1887 535 1949 quae
550 1867 680 1928 liberant
693 1867 725 1926 in
748 1865 813 1926 foro
831 1869 1045 1946 conscientie,
1071 1872 1178 1956 irupri-
1275 1919 1276 1922 ,

197 1960 320 2039 nisque
335 1959 372 2020 sit
386 1965 508 2038 peracta
521 1957 593 2018 cum
608 1955 688 2015 bona
703 1953 783 2032 fide,
798 1963 829 2017 ct
844 1974 897 2036 per
908 1962 949 2018 lu
965 1976 1063 2022 annos
1083 1963 1177 2026 dura·

195 2047 286 2108 uerit.

242 2139 312 2198 766.
336 2137 457 2207 Quaerit.
474 2139 507 2196 2⁰
523 2136 569 2194 An
587 2132 718 2192 Ecclesia
736 2132 815 2212 apud
833 2152 887 2194 nos
900 2132 1045 2198 habeatur
1060 2145 1096 2201 ut
1109 2143 1179 2206 ciri·
1274 2191 1275 2196 η

197 2226 269 2286 liter
281 2243 375 2306 capax
385 2222 515 2286 habendi
527 2220 722 2282 dominium?

242 2313 428 2395 Responderi
443 2316 540 2392 potest
557 2309 742 2385 all'rrmative,
764 2316 830 2372 turn
853 2330 890 2374 ex
912 2314 1101 2380 concordato
1125 2321 1178 2384 ubi

196 2404 358 2466 sancitur:
374 2424 389 2462 a
405 2405 468 2462 Art.
487 2403 535 2462 15.
550 2398 738 2462 Gubernium
752 2399 868 2461 curabit
882 2407 915 2464 ut
928 2403 1083 2467 catholicis
1097 2409 1177 2472 libe-

207 2514 222 2551 r
243 2510 310 2554 curn
325 2493 381 2569 sit,
396 2490 421 2552 si
435 2489 572 2562 libuerit,
589 2486 731 2549 Ecclesiis
745 2488 903 2551 consulere
918 2492 1002 2554 novis
1022 2493 1177 2560 fundatio·
1273 2535 1274 2542 κ

198 2605 221 2641 «α
243 2583 332 2644 nibus
345 2603 376 2652 »3
391 2589 455 2642 turn
471 2597 508 2640 ex
520 2579 585 2658 lege
596 2577 687 2657 ajon.
702 2579 778 2638 l8l'l
795 2575 847 2638 ubi
860 2579 997 2641 statuitur
1009 2601 1016 2642 :
1028 2603 1043 2641 u
1057 2588 1088 2644 1⁰
1097 2589 1178 2650 Tout

200 2693 223 2730 u
242 2671 465 2732 etablissement
484 2665 709 2744 ecclesiastique
728 2683 864 2727 reconnu
879 2685 933 2748 par
957 2669 984 2730 la
1005 2669 1044 2732 loi
1064 2691 1178 2753 pourra

209 2765 400 2840 «acceptor,
423 2774 494 2818 avec
514 2753 728 2816 l'autorisation
750 2753 791 2814 du
815 2755 888 2832 boi,
911 2762 980 2820 tous
1001 2759 1043 2821 les
1066 2763 1174 2845 biens,

200 2871 221 2908 -r
243 2848 388 2921 nieubles,
400 2843 580 2908 immeubles
594 2861 634 2904 ou
647 2849 746 2904 rentes
755 2843 808 2923 qui
819 2843 860 2904 lui
874 2854 978 2908 serunt
991 2847 1109 2912 donnes
1122 2873 1177 2933 par
1272 2843 1273 2854 ¹

208 2960 222 2996 u
242 2944 322 3000 acles
335 2935 487 2998 entre-viis
501 2952 542 2994 ou
556 2950 609 3011 par
623 2937 688 2992 acte
702 2929 740 2992 de
751 2930 890 2995 derniere
902 2935 1034 2999 volante.
1050 2941 1083 3000 2⁰
1096 2944 1176 3007 Touo

202 3049 223 3086 u
243 3027 466 3089 e'tablissernent
483 3020 707 3100 ecclesiastique
728 3037 864 3083 reconnu
883 3041 936 3103 par
956 3025 984 3086 la
1002 3024 1042 3087 loi
1061 3047 1176 3108 pourffl

201 3139 222 3175 a
242 3117 422 3197 e'galemen,
436 3129 508 3174 avec
534 3109 750 3171 l'autorisation
777 3107 819 3170 du
847 3111 925 3188 uoi,
953 3117 1093 3194 ucqudrir
1120 3120 1176 3184 des

209 3227 223 3264 n
243 3201 519 3266 biensimnreubles
532 3217 572 3261 ou
586 3198 640 3259 des
658 3204 768 3258 rentes.
787 3199 821 3258 3ο
841 3197 896 3260 Les
919 3199 1100 3268 immeubles
1122 3227 1175 3292 ap-

202 3317 223 3352 1«
243 3299 401 3376 partenant
414 3293 431 3352 b
445 3309 487 3351 un
501 3286 719 3350 e'tablissement
742 3287 973 3370 eccldsiostique·
985 3302 1088 3356 serunt
1106 3317 1175 3378 pos-

209 3406 222 3440 «
243 3382 329 3444 sedc's
350 3383 367 3442 a
390 3376 556 3460 perpetuitd
580 3393 633 3454 par·
659 3372 730 3432 ledit
757 3374 993 3450 etablissenrent,
1018 3391 1047 3441 et
1069 3393 1173 3450 seront

203 3494 222 3529 u
243 3469 435 3532 inalienables
448 3471 466 3528 b
481 3465 580 3526 moins
602 3479 662 3544 que
683 3460 865 3524 l'allenouon
885 3483 925 3526 en
945 3467 1002 3529 soit
1022 3475 1172 3541 sutorisdo

207 3583 222 3621 a
242 3577 294 3642 par
309 3559 336 3620 le
352 3557 442 3624 boio
