2574 4198
451 327 550 390 xonaan
570 325 728 372 seouuous.
1025 316 1080 374 611
1103 285 1105 290 ’
1180 347 1187 356 ,

108 437 286 510 (incusso,
302 451 356 496 seu
373 431 464 497 etiam
481 447 535 509 per
556 426 725 507 suppositas
739 443 885 506 personas
904 426 1084 490 clericorum

107 547 124 582 1
144 531 198 587 aut
225 523 385 597 laicorum,
411 538 465 582 seu
491 519 685 597 quacumque
705 522 790 588 arte,
816 522 867 576 aul
891 535 1086 597 quocumque

111 612 274 694 rquaesito
294 610 397 672 colore
422 609 454 668 in
477 605 617 687 proprios
640 620 714 664 usus
738 610 930 678 convertere,
960 605 1087 686 illosque

111 725 125 760 n
145 718 296 781 usurpare
312 695 554 779 praesumpserit,
570 712 625 755 seu
639 691 785 772 impedire
801 709 839 752 ne
855 691 893 754 ab
910 692 946 755 iis
959 693 997 754 ad
1012 713 1089 774 quos

110 791 214 868 «jure
235 790 390 870 pertinent
411 784 626 866 percipiantur,
650 782 675 841 is
689 779 873 842 anathemati
893 781 997 843 tandiu
1017 782 1086 843 sub-

113 903 127 937 u
143 880 262 958 iaceat,
279 869 416 956 quandiu
429 871 672 952 jurisdictiones,
689 869 767 930 bona
781 919 788 943 ,
804 887 863 944 res,
875 869 959 946 jura,
975 869 1090 932 tructus

112 991 127 1028 r
146 974 179 1030 et
203 965 341 1028 redditus
363 981 441 1044 quos
457 959 665 1039 occupaverit,
683 959 730 1020 vel
749 958 801 1038 qui
820 956 944 1020 adeum
959 976 1091 1038 quomo-

112 1079 127 1116 1
145 1056 336 1136 ducumque,
350 1053 441 1114 etiam
455 1070 492 1111 ex
505 1048 668 1110 donatione
684 1046 848 1128 suppositae
864 1065 1012 1126 personae,
1029 1065 1078 1125 per

114 1147 308 1221 «venerint,
331 1141 465 1204 ecclesiae
489 1139 615 1217 ejusque
636 1134 885 1206 administratori,
901 1133 962 1196 sire
977 1135 1091 1196 benefi-

113 1255 129 1293 1
148 1227 239 1296 cialo'
254 1232 373 1312 integre
387 1226 568 1302 restituerit,
587 1242 624 1286 ac
639 1221 750 1286 deinde
765 1225 781 1286 a
795 1225 933 1286 Romano
946 1223 1082 1286 Pontilla

112 1344 129 1382 c
148 1321 375 1385 absolutionem
389 1315 563 1378 obtinuerit.
582 1337 597 1370 a

149 1413 324 1474 'loa-111.
340 1410 384 1469 Er
399 1405 491 1466 modd
501 1403 643 1464 stabilitis
664 1401 820 1482 sequitur,
838 1419 899 1462 non
914 1402 950 1463 ad
966 1407 1093 1482 potesta-

109 1511 173 1566 tem
202 1499 407 1571 saecularem,
436 1493 488 1555 sed
518 1492 557 1552 ad
584 1491 750 1553 Ecclesiam
780 1491 931 1570 pertinere
957 1491 1093 1570 judicare

110 1609 275 1674 quousque
289 1584 410 1649 extendi
425 1582 533 1643 debeat
543 1581 591 1657 jus
602 1577 778 1660 acquirendi
788 1585 817 1639 et
829 1567 1003 1658 possidendi
1014 1579 1094 1640 bona

111 1679 321 1762 temporalia:
345 1671 473 1756 proinde
499 1671 580 1749 leges
607 1668 697 1748 vulgd
724 1667 812 1727 diclae
839 1667 1093 1742 amaricationis,

109 1771 233 1833 secluso
256 1763 378 1847 speciali
403 1759 559 1842 privilegio
580 1756 618 1817 ab
640 1755 775 1817 Ecclesia
797 1772 962 1832 concesse,
982 1753 1094 1835 iniquae

111 1867 185 1922 sunt
199 1864 230 1919 et
240 1856 273 1918 in
282 1852 449 1916 Ecclesiam
459 1847 623 1926 injuriosae.
648 1841 650 1844 ’

152 1949 211 2010 Ρ11
235 1946 318 2024 leges
342 1947 444 2003 aulem
463 1932 700 1997 canonizationis
719 1931 928 2014 intelliguntur
950 1951 993 1994 eae
1013 1933 1095 2014 leges

111 2037 218 2100 civiles
232 2051 301 2116 quae
319 2028 484 2112 prohibent
498 2044 537 2086 ne
555 2024 634 2085 bona
647 2021 845 2104 temporalia,
863 2024 1028 2103 praesertim
1043 2023 1096 2084 im·

114 2126 252 2202 mobilia,
276 2123 308 2183 in
335 2117 477 2182 Ecclesiae
499 2113 686 2189 dominium,
715 2112 831 2193 absque
855 2113 1003 2195 Principis
1027 2131 1096 2174 con·

112 2235 210 2278 sensu
222 2262 230 2288 ,
242 2207 472 2280 transferantur,
489 2203 619 2264 neultra
635 2201 777 2276 modum,
794 2206 827 2263 ut
840 2202 945 2278 aiunt,
962 2201 1096 2264 Ecclesia

112 2306 267 2367 ditescat:
295 2297 387 2381 porrd
415 2294 472 2356 illae
494 2293 575 2371 leges
599 2297 670 2352 sunt
690 2291 803 2371 imquae
821 2296 850 2352 et
873 2290 906 2351 in
928 2291 1096 2353 Ecclesiam

115 2394 295 2474 injuriosae:
325 2387 350 2448 si
373 2385 456 2446 enim
478 2379 607 2442 Ecclesia
630 2379 719 2441 habet
738 2382 756 2440 1
778 2377 896 2440 Christo
916 2387 1096 2460 potestatem

116 2479 377 2564 independentem
395 2473 475 2534 bona
489 2469 666 2550 temporalia
685 2467 873 2549 possidendi,
894 2469 1034 2549 impediri
1048 2488 1098 2530 ne·

114 2574 184 2656 quit
198 2571 274 2652 quin
286 2567 337 2628 illa
350 2561 513 2646 possideat.
529 2561 652 2620 Frustra
664 2557 845 2636 objiceretur
856 2556 1020 2618 Ecclesiam
1034 2577 1097 2620 non

115 2664 230 2726 debere
248 2658 327 2721 ullra
349 2651 475 2714 modum
498 2647 605 2710 ditari:
628 2665 700 2708 nam
723 2645 907 2709 instituendo
931 2648 1097 2710 Ecclesiam

115 2753 254 2815 Christus
266 2745 294 2808 ei
309 2740 447 2825 promisit
461 2756 547 2802 suam
562 2735 782 2813 assistentiam,
796 2755 835 2798 ne
849 2736 878 2796 id
892 2735 1002 2797 laceret
1016 2739 1099 2817 quod

115 2845 219 2925 posset
233 2853 300 2900 esse
313 2833 506 2894 damnosum.
525 2830 672 2888 Praeterea
686 2824 767 2885 bona
785 2826 927 2886 Ecclesiae
941 2827 973 2884 in
989 2827 1097 2904 ipsius-

118 2938 184 2995 met
195 2925 347 2991 societatis
358 2920 452 2983 civilis
466 2918 583 2979 bonum
598 2917 825 2988 convertuntur,
842 2931 903 2972 non
913 2913 1012 2972 solum
1027 2915 1099 2991 quia

115 3023 199 3086 bona
214 3033 307 3099 opera
321 3013 353 3074 in
365 3027 434 3092 quae
445 3003 620 3086 hujusmodi
632 3003 713 3062 bona
723 3001 761 3063 ab
775 3001 909 3063 Ecclesia
919 2997 1100 3081 impendun-

116 3121 179 3186 tur,
204 3108 297 3170 etiam
322 3099 457 3164 societati
481 3095 560 3158 civili
584 3092 766 3174 proliciunt,
793 3091 846 3154 sed
871 3091 943 3172 quia
968 3091 1100 3152 Ecclesia

117 3201 182 3264 suis
199 3195 306 3269 lionis,
322 3189 411 3254 statui
431 3183 568 3249 saeculari
583 3184 613 3243 in
626 3181 772 3262 angustiis
787 3180 904 3260 posito,
921 3198 983 3240 non
998 3180 1100 3242 omisit

119 3287 283 3353 liberaliter
297 3278 433 3344 auxiliari
450 3295 457 3336 :
474 3276 517 3336 sic
532 3272 699 3334 Concilium
714 3272 913 3330 Lateranense
923 3270 961 3330 lll
976 3268 1101 3331 indulsit

118 3377 222 3462 quad,
238 3372 291 3437 ubi
309 3370 457 3432 laicorum
473 3381 566 3444 opes,
584 3360 698 3440 judicio
712 3359 933 3439 Episcoporum
945 3357 1100 3439 ,impares

118 3471 222 3531 essent
244 3461 284 3526 ad
305 3455 433 3540 publicis
453 3450 680 3514 necessitatibus
694 3446 931 3526 providendum,
951 3449 1033 3529 quod
1049 3466 1102 3510 ne·

119 3573 205 3620 casse
215 3555 295 3614 esset
304 3567 339 3610 ex
349 3542 542 3628 proventibus
552 3536 694 3600 Ecclesiae
702 3535 883 3598 tribueretur
894 3534 1022 3616 (Canon.
1036 3536 1099 3618 19).

120 3649 157 3708 Et
169 3643 271 3724 reipsa
280 3640 312 3702 S.
323 3635 440 3710 Piusll,
451 3629 704 3693 adnecessitatern
714 3627 801 3706 regni
812 3624 926 3694 Gallici,
940 3626 1046 3687 Carolo
1061 3627 1102 3688 IX

119 3729 272 3798 concessit
293 3725 425 3790 alienare
448 3718 559 3782 lundos
584 3714 800 3778 ecclesiasticos
821 3713 859 3775 ad
878 3717 989 3789 lanea
1011 3714 1102 3776 libras

118 3822 257 3888 redditus
280 3814 376 3878 annui
399 3814 591 3889 assurgentes
602 3823 614 3880 3
634 3805 758 3884 Gregor.
779 3804 846 3865 Xlll
866 3801 1015 3864 concessit
1033 3805 1101 3870 ulli
