2574 4198
191 260 262 328 608ΙΙ
465 270 615 324 suanam-x
635 279 716 324 snnrs
738 279 885 325 aaronica

230 385 261 442 2⁰
283 383 393 442 Contra
406 377 579 459 hujusmodi
594 396 711 440 errores
723 379 862 441 tenendae
876 384 946 442 sunl
961 381 1101 442 veritates
1115 397 1162 440 se·

191 475 341 548 ruentes:
418 494 420 496 ·

229 559 251 618 Ι.
275 555 412 620 Ecclesia
436 555 566 637 lepitimi
587 575 633 619 res
654 556 826 636 temporales
848 565 942 638 potest
962 557 1117 638 acquirere
1137 566 1164 617 et

189 643 342 724 possidere.
365 644 480 707 Belide
494 651 539 706 est
552 651 656 706 contre
680 644 843 706 Wioleium
858 652 887 706 et
901 645 1057 708 haereticos
1071 663 1163 726 supra

191 741 383 796 memoratos.
408 733 555 794 Probatur
576 751 613 794 ex
634 732 829 794 damnatione
849 734 1092 814 propositionum
1116 751 1162 795 se·

191 823 349 902 ouantium
365 843 374 883 ι
394 843 409 880 a
427 825 473 884 to.
493 821 602 882 Contra
618 821 809 901 Scriptoram
828 831 868 882 est
889 821 968 902 perdi
987 822 1050 883 oiri
1070 823 1166 884 ecole-

195 910 344 971 osiastici
363 909 489 972 babeant
508 910 731 988 possessiones...
747 941 786 956 -
800 913 849 972 32.
872 909 978 971 Ditare
997 909 1114 972 clerum
1125 921 1165 972 est

195 1019 211 1058 a
230 1007 331 1060 contra
344 998 478 1081 rapulam
497 995 619 1062 Christi.
636 1031 674 1045 -
689 1001 738 1060 33.
758 997 909 1080 Spioester
928 997 1016 1080 Papa
1029 1007 1058 1060 et
1074 999 1164 1064 Cons-

130 1139 134 1146 .
195 1107 211 1145 a
231 1089 362 1148 teatinus
374 1088 539 1168 Imperator
552 1087 692 1148 errarunt
704 1085 869 1148 Ecclesiam
883 1087 1021 1148 dotando.
1038 1109 1054 1147 a

231 1175 494 1236 Constatetiamex
507 1176 661 1254 Scriptura
677 1195 684 1236 ε
701 1176 745 1236 sio
759 1175 848 1236 babet
861 1176 891 1238 S.
909 1175 1020 1238 Paulus
1032 1175 1060 1256 (l
1079 1179 1162 1248 Cor..
1220 1205 1223 1211 ·

192 1283 217 1324 a.
235 1267 317 1337 9,v.
334 1266 372 1339 3,
388 1267 459 1342 eto.)
480 1281 488 1324 τ
517 1285 532 1322 a
552 1263 706 1344 Numquid
730 1283 791 1324 non
815 1263 962 1326 babemus
984 1272 1164 1346 potestatem

195 1375 209 1407 a
231 1351 434 1414 manducandi
453 1359 483 1414 et
505 1351 627 1413 bibendi
641 1352 695 1414 t...
718 1352 790 1424 Quis
810 1351 919 1413 militat
932 1353 994 1414 suis
1007 1353 1166 1434 stipendiis

195 1462 210 1497 a
231 1441 392 1522 unquam?
414 1439 487 1512 Quis
508 1441 623 1520 plantat
642 1441 761 1502 vineam
783 1447 813 1502 et
833 1440 871 1502 de
891 1440 989 1502 fructu
1013 1443 1079 1520 ejus
1103 1463 1164 1506 non

192 1550 211 1616 p
231 1529 316 1592 editt
330 1530 402 1600 Quis
415 1529 510 1609 pascit
522 1546 645 1610 gregem
659 1534 690 1590 et
702 1529 740 1590 de
753 1528 829 1590 lacte
842 1531 942 1610 gregis
956 1547 1017 1590 non
1034 1533 1164 1594 mandu-

196 1639 211 1674 ι(
231 1619 338 1680 call...
357 1618 386 1679 Si
403 1637 458 1678 nos
475 1617 559 1678 vobis
576 1617 740 1698 spiritualia
758 1618 993 1695 seminavimus,
1015 1637 1164 1700 magnum

196 1729 211 1764 o
231 1715 275 1769 est
289 1709 313 1770 si
329 1726 384 1768 nos
396 1713 492 1768 vestra
505 1705 634 1767 carnalia
644 1711 740 1768 vestra
753 1712 939 1768 metamus...
952 1707 1080 1769 Nescitis.
1091 1729 1165 1790 quo

196 1819 210 1852 a
232 1799 314 1859 niam
328 1797 380 1878 qui
396 1797 427 1856 in
442 1795 571 1857 sacrario
594 1802 772 1878 operantur,
794 1813 862 1874 quae
884 1794 922 1856 de
945 1797 1075 1857 sacrario
1092 1807 1164 1860 sunl

196 1909 211 1942 a
231 1885 345 1962 edunt,
360 1890 390 1946 et
403 1883 456 1965 qui
474 1884 557 1945 altari
579 1883 750 1944 deserviunt
770 1901 840 1944 oum
860 1883 942 1943 altari
958 1885 1165 1966 participant?

196 1997 210 2032 o
232 1977 273 2034 lla
285 1978 315 2034 et
327 1972 474 2034 Dominus
487 1971 633 2032 ordinavit
646 1972 682 2034 iis
696 1971 747 2052 qui
762 1971 958 2052 Evangelium
969 1976 1164 2055 annuntiant,

196 2083 210 2119 a
230 2063 269 2124 de
283 2061 445 2140 Evangelio
456 2059 564 2121 rivere.
581 2079 596 2117 p

230 2153 266 2212 ut
283 2151 385 2212 revera
407 2148 540 2210 Christus
560 2147 709 2228 Apostolis
723 2149 786 2210 suis
801 2149 916 2210 dixerat
932 2167 940 2210 ι
961 2151 1109 2231 «Dignus
1122 2159 1166 2216 est

196 2261 211 2298 a
231 2239 386 2321 operarius
405 2238 474 2300 cibo
495 2256 549 2299 suo
563 2257 593 2298 s.
615 2237 685 2298 Erat
705 2237 795 2298 etiam
809 2238 839 2298 in
855 2238 987 2318 collegio
1002 2239 1165 2320 Apostolo-

192 2347 260 2390 rum
286 2327 473 2408 marsupium
497 2344 661 2388 commune
688 2345 695 2386 :
725 2325 762 2387 de
787 2325 866 2388 iuda
888 2327 969 2388 enim
998 2327 1110 2391 dicitur
1135 2332 1166 2393 in

191 2421 308 2480 loanne
331 2416 410 2498 (cap.
438 2418 490 2493 la,
514 2433 542 2478 v.
568 2419 626 2492 m,
654 2413 728 2496 eto.)
746 2435 753 2472 τ
774 2415 889 2486 «Quod
910 2414 983 2476 facis
1002 2414 1049 2478 fao
1062 2418 1164 2482 oitiirs.

191 2522 204 2554 s
231 2508 296 2568 Hoc
309 2512 411 2568 autem
432 2521 522 2566 nemo
544 2502 627 2566 seivit
647 2503 902 2565 discumbentium
917 2503 953 2564 ad
969 2503 1042 2584 quid
1056 2505 1168 2571 dixerit

192 2611 205 2642 t
230 2597 258 2658 ai
275 2613 283 2656 s
299 2593 422 2674 quidam
437 2594 519 2654 enim
535 2592 695 2674 putabant,
710 2593 784 2674 quia
799 2593 907 2654 loculos
922 2592 1042 2654 lababat
1055 2592 1164 2668 ludas,

148 2692 150 2696 ’
192 2699 206 2730 ‘1
231 2683 311 2764 quod
326 2681 447 2742 dixisset
461 2682 588 2742 ordesos
605 2700 611 2741 :
634 2697 702 2740 eme
716 2699 749 2741 ea
764 2700 833 2761 qua
848 2700 925 2762 opus
939 2687 1010 2742 sunt
1024 2684 1113 2746 nobis
1128 2685 1165 2748 ad

193 2786 207 2820 a
230 2771 312 2834 diem
327 2771 457 2846 testum,
472 2778 523 2832 aut
536 2769 639 2850 egenis
654 2776 688 2831 ut
701 2769 816 2850 aliquid
832 2769 926 2832 daret.
941 2791 957 2830 a

229 2859 351 2923 Constat
364 2857 462 2920 adhuc
478 2859 578 2920 multis
591 2859 770 2920 testimoniis
793 2861 845 2920 SS.
874 2860 996 2921 Parrum
1013 2878 1020 2923 :
1037 2861 1166 2926 sufficiat

192 2947 303 3013 referre
317 2947 407 3011 verba
430 2949 461 3009 S.
485 2947 660 3028 Hieronymi
680 2945 719 3008 ad
734 2947 952 3028 Nepotianum:
971 2949 1098 3012 aPudet
1115 2951 1165 3014 di-

196 3055 299 3101 «cere
321 3055 330 3099 a
354 3036 529 3099 Sacerdotes
552 3036 719 3108 idolorum,
746 3037 851 3111 mimi,
878 3039 991 3118 aurigae
1014 3045 1043 3100 et
1066 3049 1166 3104 scorta

195 3147 212 3188 a
230 3125 417 3190 haereditates
426 3125 592 3206 accipiunt;
608 3125 679 3186 solis
690 3124 808 3186 clericis
821 3133 851 3187 et
861 3126 1017 3188 monachis
1030 3125 1089 3190 hoo
1099 3129 1167 3210 lego

195 3237 213 3278 a
231 3217 429 3298 prohibetur:
446 3222 477 3276 et
491 3232 552 3276 non
576 3213 782 3295 prohibetnrb
799 3215 1062 3296 persecutoribus,
1083 3219 1165 3280 sede

196 3305 420 3385 «Principibus
442 3303 660 3365 christianis...
688 3304 861 3366 Cauterium
884 3304 999 3366 bonum
1022 3313 1088 3382 est,
1112 3308 1166 3369 sed

195 3417 210 3452 a
231 3393 313 3474 quod
332 3393 405 3474 mihi
419 3393 527 3454 vulnus
541 3399 574 3453 ut
588 3390 739 3471 indigeam
759 3392 917 3453 cauterio?
931 3392 983 3453 Sit
997 3391 1104 3463 boeres,
1117 3395 1167 3460 sed

48 3499 49 3503 ’
75 3538 78 3544 ,
196 3491 327 3543 «mater
348 3481 499 3562 filioram,
523 3479 557 3541 id
576 3489 616 3541 est
634 3481 774 3542 Ecclesia
793 3481 892 3562 prepis
915 3478 982 3550 sui,
1006 3501 1076 3562 quae
1098 3483 1166 3546 illos

197 3592 212 3630 a
232 3571 349 3651 genuit,
375 3569 511 3646 nutrivit,
533 3569 622 3648 pavit.
642 3589 657 3627 n
684 3571 765 3648 Ergo
782 3571 914 3630 Ecclesia
929 3577 1027 3649 potest
1041 3570 1123 3632 bona
1136 3578 1166 3635 et

192 3659 379 3722 haereditates
392 3658 536 3738 accipere.

118 3818 123 3826 s
232 3749 315 3810 ldem
329 3748 470 3809 asseritur
485 3749 515 3807 in
529 3765 594 3827 cap.
613 3745 766 3827 Erpedit,
783 3763 873 3808 eausa
888 3751 944 3823 m,
960 3766 991 3827 q.
1009 3752 1037 3808 l.
