2618 4212
179 232 239 296 tto
452 243 607 292 umanum
627 241 710 294 tuuis
729 241 879 290 annontui.

638 426 702 474 xvtt

218 532 371 608 Persona,
384 526 651 612 quasexaminane
664 523 823 607 expediat,
839 539 965 606 semper
978 523 1168 588 audiuntur

180 618 358 696 separatim.

632 759 705 806 xviii

216 853 319 915 Testes
334 851 372 914 ad
391 849 622 932 probationem.
648 847 757 911 autad
778 846 1009 922 deiensionem,
1033 849 1162 930 quotics

178 940 290 1021 legatia
304 937 468 1004 obstacuia
491 937 576 1000 haud
596 936 763 1015 obsistant,
787 936 1039 1018 sunjunamento
1056 935 1164 998 audini

178 1028 305 1104 debent,
322 1025 407 1110 quod
417 1023 545 1090 extendi
559 1031 671 1106 potest,
684 1023 709 1086 si
721 1024 862 1106 opnssit,
880 1022 1166 1104 adobiigationcm

184 1115 309 1180 secreti.

637 1251 693 1300 xtx

218 1343 357 1407 Testium
377 1340 575 1418 absentium,
590 1349 644 1404 aut
660 1341 693 1404 in
709 1340 812 1404 aliena
827 1338 957 1403 Dioeeesi
968 1340 1169 1404 morantium

180 1431 360 1513 exposcitur
380 1448 512 1493 examen
540 1429 573 1491 in
600 1429 780 1493 subsidium
798 1429 840 1492 ab
853 1428 1071 1491 ecclesiastiea
1101 1429 1167 1492 loci

184 1519 382 1596 auctoritate,
399 1517 501 1582 eidem
530 1517 776 1582 transmittendo
803 1523 1005 1598 prospectum
1031 1514 1119 1592 iacti3
1134 1528 1169 1580 et

181 1610 359 1673 Auctoritas
372 1606 517 1690 petitioni
540 1607 721 1688 respondet,
750 1605 907 1670 servando
922 1605 1086 1688 presentis
1101 1605 1170 1669 ins·

192 1697 359 1761 tractionis
373 1711 511 1758 normas.
996 1695 997 1698 ’

642 1834 686 1882 xx

137 1897 143 1903 ⁵
219 1925 343 1999 Quoties
368 1923 549 1986 indicentur
575 1931 669 1986 testes
684 1921 726 1986 ob
747 1922 828 1986 iacta
853 1929 909 1986 aut
932 1921 1083 2005 adiuncta
1108 1944 1167 1990 es-

179 2013 351 2080 sentialiter
365 2013 455 2077 utilia
477 2013 589 2075 merito
602 2011 720 2090 Causae,
743 2013 798 2095 qui
813 2013 952 2075 examini
978 2013 1095 2095 subjici
1111 2035 1169 2078 ne.

179 2109 308 2186 queant,
324 2119 360 2164 co
373 2101 458 2182 quod
474 2097 639 2164 censeatur
650 2100 737 2164 haud
757 2101 974 2165 convenirent
992 2111 1165 2180 vocentur,

179 2198 234 2253 aut
247 2189 322 2271 quia
342 2191 443 2252 vocati
460 2189 614 2269 abnuant,
638 2189 756 2253 mentio
770 2187 956 2252 eorumdem
978 2189 1011 2252 iit
1035 2191 1068 2253 in
1090 2194 1169 2255 acti-

180 2279 250 2353 bus,
267 2283 430 2339 etennetur
445 2277 593 2359 supplere
603 2295 713 2341 eorum
729 2275 863 2342 defectui
880 2295 935 2360 pen
948 2277 1170 2360 depositiones

180 2366 313 2429 aiinnum
328 2365 467 2440 testium,
489 2366 543 2447 qui
565 2366 604 2430 de
616 2365 714 2429 relato
727 2374 781 2430 aut
798 2363 862 2428 alia
881 2367 1002 2430 ratione
1017 2369 1170 2433 noverint

180 2453 209 2514 id
225 2452 307 2536 qtnod
325 2452 518 2534 exquiritur.

641 2620 694 2667 XXI

218 2706 319 2782 Quum
332 2706 499 2770 collectum
520 2707 612 2770 fuerit
626 2707 782 2791 quidquid
800 2727 882 2793 opus
902 2709 941 2774 sit
970 2711 1010 2775 ad
1040 2709 1165 2779 iactum

178 2802 208 2858 et
241 2795 377 2858 accusati
407 2795 707 2877 responsibiiitatem
735 2798 1002 2880 constituendam,
1030 2810 1167 2868 vocatur

178 2883 285 2946 istead
300 2901 444 2946 examen.

632 3019 695 3066 xxu

216 3109 250 3172 in
261 3108 445 3185 indictione,
454 3108 514 3170 nisi
527 3107 696 3192 prudentia
706 3109 738 3172 id
750 3117 843 3188 vetet,
854 3113 1093 3194 exponentunei
1106 3132 1166 3196 pen

177 3209 340 3262 extensum
370 3197 585 3262 accusationes
610 3198 759 3262 advorsus
772 3216 846 3265 oum
861 3200 984 3264 coliatae
997 3209 1033 3264 ut
1052 3205 1160 3285 parari

177 3287 277 3350 valeat
289 3287 329 3350 ad
342 3286 616 3368 respondendum.

538 3454 540 3459 ’
631 3463 706 3509 xxm

214 3547 346 3624 Quando
365 3555 469 3611 autem
496 3549 537 3612 ob
556 3551 794 3616 accusationum
822 3553 1005 3636 qualitates,
1040 3545 1097 3620 a'ut
1121 3558 1165 3620 ob

176 3635 237 3700 alia
252 3635 402 3716 adiuncta
428 3636 567 3718 prudens
582 3657 646 3702 non
672 3641 711 3704 sit
738 3642 770 3703 in
789 3651 861 3706 actu
884 3643 1096 3710 intimationis
1111 3661 1166 3712 eat
