2604 4196
446 301 534 346 crura
554 301 714 347 socundus.
888 298 898 310 ‘
1009 291 1068 351 579

88 401 209 464 sublata
227 401 283 464 luit
303 403 427 483 antiqua
445 401 649 463 Ecclesiarum
673 399 776 461 Gallie
788 397 907 480 liturgia
918 405 942 478 ¹,
957 405 988 464 et
1008 404 1068 464 lto·

89 509 182 554 mana
197 491 310 553 ibidem
331 491 385 553 luit
400 490 585 565 introducta,
601 495 630 550 et
653 488 685 549 in
706 495 767 550 toto
780 489 917 552 llomano
939 491 1068 572 lmperio

90 579 289 655 confirmata3
306 580 415 658 legitur
428 580 510 642 enim
523 578 555 640 in
570 575 789 658 capitularibus
801 578 983 659 aquisgrani
994 599 1067 642 con·

91 666 194 744 lectis,
207 687 290 730 auno
310 673 369 731 789
385 687 392 729 :
413 690 429 728 c
451 669 530 730 Dum
546 669 563 728 b
577 666 684 748 primis
703 666 927 745 temporibus...
945 668 1068 748 (nostrae

93 777 110 813 ι
129 757 226 837 partis
245 755 392 838 Ecclesia)
414 757 452 818 ab
466 757 503 818 ed
518 755 666 836 (Ecclesia
679 756 829 833 Romana)
844 755 934 834 pauld
947 757 1068 821 distaret

94 865 111 902 n
132 843 231 925 (quod
245 851 347 908 tamen
366 853 472 907 contra
491 844 581 905 fidem
595 845 738 920 nonest),
754 842 785 903 in
805 842 972 906 officiorum
986 848 1068 909 cele·

94 955 110 989 a
130 933 286 1010 bratione,
300 933 481 996 venerandae
494 933 649 995 memoriae
663 931 812 993 Genitoris
827 933 920 994 nostri
932 933 1068 997 illustris-

94 1043 110 1076 «
128 1020 203 1082 simi
219 1021 318 1102 Pipini
331 1023 421 1102 Regis
435 1023 506 1084 cura
519 1030 548 1082 et
562 1020 723 1091 industrii,
738 1019 799 1081 sive
813 1021 941 1083 adventu
957 1021 987 1083 in
1004 1023 1069 1085 Gal·

95 1133 110 1163 i
130 1109 187 1171 lias
198 1111 379 1172 sanctissimi
392 1110 453 1172 Viri
467 1109 627 1191 Stephani,
643 1110 788 1170 Romanae
800 1109 888 1173 Urbis
904 1111 1066 1189 Antistius,
1085 1118 1088 1126 '

97 1222 109 1254 a
130 1205 178 1259 est
200 1200 228 1260 ei
242 1199 333 1260 etiam
353 1199 384 1260 in
405 1199 552 1280 psallendi
565 1197 672 1260 ordine
684 1197 837 1276 copulata,
857 1203 891 1261 ut
911 1217 972 1262 non
991 1209 1069 1266 esset

96 1309 109 1342 a
131 1286 237 1367 dispar
249 1287 324 1348 ordo
335 1287 480 1368 psallendi
492 1287 603 1368 quibus
611 1293 675 1349 erat
687 1303 811 1368 compar
821 1287 896 1349 ordo
909 1289 1050 1352 credendi
1053 1312 1066 1374 3

96 1394 111 1436 a
132 1393 192 1437 nec
208 1377 381 1457 sejungeret
394 1376 562 1438 officiorum
576 1377 657 1437 varia
670 1375 830 1438 celebratio
844 1395 921 1458 quos
938 1381 1066 1458 conJun-

96 1485 111 1523 α
131 1471 219 1527 xerat
236 1464 335 1527 uniooe
354 1464 423 1526 tidei
447 1463 675 1546 moderatio.»
695 1499 729 1511 -
749 1466 816 1526 Non
834 1465 951 1530 uidetur
966 1474 1068 1534 tamen

93 1553 188 1616 luisse
211 1559 286 1616 tunc
300 1553 457 1635 Episcopis
481 1553 663 1634 prohibitum
684 1555 848 1634 corrigere,
872 1556 1000 1634 addere,
1022 1559 1067 1619 vel

93 1643 258 1705 immutare
272 1661 341 1724 quae
354 1643 392 1704 ad
415 1641 614 1706 substantiam
633 1642 760 1723 liturgiae
777 1662 837 1703 non
858 1645 1065 1724 pertinebant;

92 1736 123 1792 et
136 1731 198 1806 sic,
217 1731 388 1794 labentibus
403 1731 537 1808 saeculis,
558 1729 658 1792 evenit
672 1738 705 1791 ut
724 1731 755 1790 in
770 1731 871 1792 Galliis
893 1732 1010 1813 liturgia
1024 1741 1067 1796 sat

93 1818 286 1900 discrepabat
297 1821 315 1882 b
326 1820 472 1883 Romana.

135 1908 252 1970 Pariter
270 1909 286 1970 t
302 1909 447 1988 Gregorio
461 1910 512 1969 Vll
531 1907 645 1968 sublata
660 1905 715 1968 luit
732 1923 770 1968 ex
785 1907 936 1988 Hispaniis
952 1908 1067 1991 liturgia

96 1995 312 2059 densatim·
339 2003 372 2058 ut
396 1995 638 2058 introduceretur
658 1997 809 2073 Romana,
835 2002 869 2060 ut
890 2005 1007 2062 constat
1032 2019 1067 2062 ex

97 2085 195 2147 littera
213 2103 306 2166 quam
326 2084 375 2147 bic
392 2083 528 2146 Pontifex
545 2083 655 2145 direxit
676 2084 713 2146 ad
734 2085 919 2165 alphonsum
943 2093 974 2151 et
991 2091 1086 2151 San-¹

97 2175 176 2236 ciam
201 2173 354 2254 Hispaniae
374 2191 476 2254 reges,
500 2178 530 2234 et
543 2172 634 2234 simul
655 2173 693 2236 ad
716 2173 881 2256 Episcopus
893 2179 1068 2241 eorumdem

98 2262 234 2324 ditionis.

139 2353 207 2413 Jam
222 2357 325 2412 autem
340 2351 358 2411 b
371 2355 508 2430 tempore
522 2350 553 2412 S.
570 2349 704 2432 Gregorii
718 2351 818 2432 Magni
833 2353 950 2434 vigebat
961 2356 992 2416 in
1008 2359 1070 2417 dn·

101 2439 160 2520 glit
176 2438 286 2501 eadem
308 2438 427 2518 liturgia
441 2441 593 2514 Romana,
617 2445 651 2500 ut
668 2446 834 2501 constater
855 2442 986 2504 Concilio
1007 2443 1071 2506 Clo·

101 2526 300 2590 reshovlensi.
315 2526 403 2590 Unde
422 2526 453 2586 in
474 2532 536 2588 toto
554 2527 733 2606 generaliter
746 2529 920 2605 Occidente,
942 2531 1071 2595 admissa

102 2616 155 2678 luit
169 2618 188 2678 a
201 2623 339 2696 tempore
353 2616 384 2676 S.
401 2614 537 2694 Gregorii
554 2617 614 2677 Vll.

140 2707 173 2766 ln
184 2703 330 2766 omnibus
340 2703 550 2783 praelatlslocis
560 2704 776 2782 relictaluerat,
787 2708 929 2786 usquead
939 2708 1026 2772 Pium
1036 2713 1069 2785 V,

104 2792 228 2855 lacultas
242 2790 379 2853 mutandi
392 2809 427 2852 ea
441 2809 509 2872 quae
522 2791 560 2853 ad
574 2792 769 2853 substantiam
789 2793 915 2874 liturgiae
929 2816 989 2858 non
1004 2817 1072 2878 per·

105 2879 259 2954 tinebant;
275 2897 431 2960 nunquam
445 2881 532 2956 verb,
546 2897 603 2940 nee
617 2879 648 2938 in
669 2880 803 2951 Oriente,
820 2881 968 2960 integram
987 2884 1072 2944 litur-

105 2968 184 3050 giam
198 2967 340 3041 tollendi,
354 2975 383 3027 et
396 2967 484 3029 aliam
500 2983 608 3028 novam
624 2965 843 3028 introducendi.
863 2969 983 3030 Frustra
996 2969 1071 3048 obji-

105 3064 225 3120 ceretur
248 3055 635 3136 introductioliturgiarum
658 3055 853 3121 Orientalium
876 3061 906 3120 et
926 3056 1075 3138 imprimis

108 3145 137 3207 Β.
158 3141 279 3206 Basilii:
302 3161 371 3206 nam
394 3161 456 3204 raon
474 3149 590 3206 constat
612 3143 677 3205 illas
691 3144 823 3225 liturgias
837 3144 927 3208 luisse
947 3146 1073 3208 omnino

110 3237 241 3295 uosmet
253 3230 434 3310 abantiquis
445 3230 677 3293 substantialiter
690 3232 860 3296 dissimiles.

137 3392 147 3422 ⁴
163 3389 222 3442 liae
237 3381 336 3450 liturgia
349 3382 379 3431 ab
392 3381 490 3432 Oriente
502 3377 637 3443 ortarulgb
649 3378 796 3440 habebatur,
809 3381 851 3429 ced
865 3379 951 3443 prisca
961 3379 1080 3430 Romana

110 3461 213 3514 almilem
233 3456 311 3507 luisse
324 3453 411 3518 probat
429 3450 548 3501 llarclrasi
565 3451 589 3500 in
602 3465 676 3515 opere
695 3451 803 3514 l’Antiec
814 3451 925 3515 diturpic
940 3451 1066 3506 Gallicana

110 3533 161 3585 lloc
172 3529 282 3595 liturgiae
293 3524 425 3576 Gallicana
437 3521 627 3586 eratproprium
640 3519 716 3586 qudd,
730 3529 784 3585 post
801 3537 892 3572 nonam
907 3523 1038 3573 lectionem
1053 3520 1078 3569 in

110 3603 246 3658 nocturnis,
261 3596 401 3650 addebatur
415 3593 598 3658 responsorium
617 3593 682 3643 sicut
699 3592 773 3642 etlam
786 3592 811 3642 iu
831 3597 939 3659 vesperis
959 3593 1078 3644 lectorum

111 3675 271 3732 maurulum,
289 3677 337 3720 otc.

140 3750 150 3778 ¹
166 3749 227 3810 Ouae
242 3747 348 3796 vocatur
364 3737 499 3797 cornum
514 3735 599 3790 Gothia
617 3737 659 3800 qrrl
671 3735 737 3785 illam
753 3736 783 3784 ab
796 3735 895 3787 Oriente
906 3735 931 3784 in
950 3731 1080 3798 lliapaniaa

113 3823 269 3880 induxerant,
283 3812 372 3880 quinto
384 3808 485 3870 seculo,
498 3809 580 3873 quand
595 3807 654 3857 abas
666 3806 779 3871 regiones
792 3805 938 3857 invaserant
