2552 4204
495 281 580 325 urana
600 279 731 324 TERTIUS.
1042 263 1101 321 tte

124 381 309 462 copulantur
323 381 373 460 qui
389 381 425 440 sit
440 387 544 442 contra
556 378 693 439 ordinem
709 381 844 443 enatura
859 382 1030 442 institutum
1046 399 1101 460 pro

124 470 229 532 liberis
244 469 449 548 procreandis,

163 563 198 620 1⁰
220 559 352 638 Simplex
374 557 563 630 Fornicatio,
593 559 761 636 praesertim
784 559 984 632 clericorum,
1013 557 1101 617 variis

122 649 225 729 poenis
242 647 408 726 antiquitus
435 645 642 726 puniebatur:
666 665 749 708 nunc
768 648 839 708 vcro
853 647 992 728 plectitur
1015 646 1102 726 quasi

121 738 234 818 judicis
248 737 380 798 arbitrio.

162 831 234 889 908.
259 831 291 887 2⁰
313 828 356 885 De
373 822 571 886 Concubinotu
585 829 687 885 autem
703 825 733 885 in
746 827 838 888 Gonc.
853 824 934 888 Trid.
950 825 1035 904 (sess.
1050 829 1089 885 El

122 936 150 978 c.
167 920 197 986 8,
214 915 250 976 dr
267 913 324 996 ref.
338 913 444 994 matr.)
460 913 593 974 sancitur
612 913 693 993 qudd
709 914 776 976 laici
789 963 797 989 ,
812 914 864 995 qui
881 915 911 974 in
928 911 1091 990 buJ'usmorl

123 1005 248 1068 sceleris
262 1003 443 1084 contagione
459 1008 635 1076 versantur,
653 1000 678 1062 si
699 1007 743 1062 ter
760 1003 798 1064 ab
812 1002 962 1082 Episcopo
978 1000 1085 1062 moniti

123 1093 315 1155 concubinas
337 1109 399 1152 non
419 1089 579 1168 ejecerint,
607 1091 931 1153 excommunicationis
950 1092 1040 1170 poent
1059 1089 1093 1151 te

123 1185 264 1257 riantur3
281 1180 407 1260 aliisquo
425 1178 523 1260 poenis
542 1177 710 1258 plectantur
726 1180 750 1241 si
774 1181 805 1242 in
823 1179 1027 1242 concubinatu
1048 1197 1098 1260 per

124 1288 244 1334 annum
255 1269 477 1350 permanserint
493 1267 692 1330 :concubinae
702 1271 771 1332 vero
781 1269 806 1331 si
819 1277 865 1331 ter
878 1270 967 1332 etiam
979 1269 1103 1332 monita

124 1380 187 1422 non
203 1357 384 1439 paruerint,
401 1355 439 1417 ab
455 1355 614 1418 Ordinario
628 1357 757 1436 graviter
773 1377 828 1439 pro
845 1361 988 1420 mensura
1006 1359 1104 1438 culpae

125 1449 310 1532 puniantur,
331 1452 421 1526 atque
438 1453 520 1505 extra
534 1445 682 1524 oppidum
701 1447 747 1508 vel
761 1447 915 1509 dioecesim
930 1447 1101 1510 exulentur.

167 1536 274 1609 Quoad
289 1533 413 1596 clericos
429 1533 678 1608 concubinarioS,
698 1535 722 1595 si
739 1534 885 1596 beneficia
904 1536 1104 1598 ecclesiastica

127 1628 174 1688 rel
195 1624 358 1706 pensiones
373 1641 435 1684 non
448 1621 597 1695 habeant;
617 1623 727 1699 «juxta
744 1621 844 1683 delicti
858 1632 886 1683 et
905 1625 1104 1684 contumaciae

130 1741 145 1775 a
168 1712 424 1797 perseverantiam
446 1716 476 1772 et
494 1709 693 1790 qualitatem,
713 1709 751 1770 ab
772 1710 838 1791 ipso
851 1711 1022 1790 Episcopo,
1037 1729 1103 1772 car-

131 1832 147 1861 «
170 1803 249 1866 ceris
271 1819 377 1882 poena,
396 1799 595 1880 suspensione
614 1798 651 1858 ab
670 1798 796 1876 ordine,
814 1817 850 1861 ac
868 1798 1052 1860 inhabilitate
1066 1800 1104 1861 ad

133 1921 146 1948 a
170 1889 319 1954 beneficia
332 1887 506 1962 obtinenda,
523 1887 649 1968 aliisque
662 1886 761 1948 modis
765 1887 852 1969 juxta
862 1905 962 1949 sacros
971 1907 1105 1951 canones

131 2009 145 2040 a
170 1981 349 2062 puniantur.
363 1998 378 2034 u
396 1975 631 2056 (Tridentinum,
643 1993 716 2038 sess.
731 1979 780 2050 25,
793 1995 820 2038 c.
835 1980 883 2052 tt,
900 1975 935 2038 de
949 1977 1022 2059 res.)

168 2071 200 2132 Si
214 2067 286 2130 verb
302 2065 365 2127 sint
378 2063 582 2139 beneficiarii,
596 2084 624 2126 v.
639 2084 666 2146 g.
685 2064 822 2127 canonici
842 2067 892 2128 «si
906 2086 923 2127 a
937 2066 1104 2148 superiori·

132 2185 146 2219 «
168 2160 228 2222 bus
240 2155 357 2223 moniti,
375 2155 413 2215 ab
427 2153 463 2214 iis
478 2171 510 2214 se
525 2171 585 2214 non
596 2153 809 2229 abstinuerint,
823 2156 909 2218 tertia
925 2165 1007 2236 parte
1020 2157 1103 2220 truc·

133 2275 147 2308 u
168 2257 275 2322 tuum,
291 2241 511 2305 obventionum
525 2260 560 2304 ac
575 2251 779 2322 proventuum
796 2244 1014 2307 beneficiorum
1029 2265 1104 2308 suo-

131 2364 146 2395 «
169 2358 240 2402 rum
267 2349 535 2414 quorumcumque
563 2337 593 2392 et
619 2333 820 2412 pensionum,
848 2335 913 2414 ipso
940 2334 1017 2396 laeto
1044 2335 1105 2400 sint

133 2446 147 2478 u
169 2421 276 2501 privati
304 2441 311 2482 :
337 2439 405 2501 quae
429 2419 563 2482 Fabricae
594 2421 727 2482 ecclesiae
754 2429 806 2484 aut
830 2423 914 2483 alteri
943 2422 993 2502 pio
1014 2423 1103 2501 loco,

134 2533 147 2566 u
169 2509 295 2570 arbitrio
311 2508 452 2590 Episcopi
467 2509 645 2589 applicetur.
661 2511 713 2570 Sin
730 2509 814 2586 verb,
829 2509 860 2570 in
874 2509 982 2571 delicto
996 2511 1105 2573 eodem

133 2621 148 2656 a
168 2616 241 2661 cum
265 2597 371 2660 eadem
399 2598 444 2658 vel
474 2597 533 2659 alia
557 2596 671 2658 lemine
684 2605 938 2677 perseverantes,
964 2598 1105 2661 secundae

132 2711 148 2746 a
169 2687 330 2748 monitioni
348 2705 409 2748 non
424 2685 599 2767 paruerint,
615 2704 677 2746 non
693 2689 811 2749 tantiam
825 2686 1058 2750 fructusomues
1070 2706 1106 2750 ac

133 2783 335 2858 «proventus
361 2793 485 2837 suorum
511 2773 728 2836 beneficiorum
754 2784 781 2837 et
796 2779 957 2857 pensiones
980 2794 1018 2838 eo
1040 2783 1106 2854 ipso

132 2865 311 2926 «amittant
334 2864 387 2946 qui
410 2862 560 2944 praedictis
583 2863 656 2924 locis
674 2864 885 2944 applicentur,
909 2864 1069 2926 sedetiam
1088 2867 1107 2926 ii

131 2977 148 3011 u
170 2953 391 3016 beneficiorum
411 2953 547 3034 ipsorum
565 2951 839 3027 administratione,
857 2954 956 3035 quoad
976 2954 1105 3016 Ordina-

131 3065 148 3100 α
169 3042 247 3120 rius,
261 3044 351 3103 etiarn
366 3042 410 3104 uti
426 3040 512 3103 Sedis
528 3041 707 3122 Apostolicae
719 3042 885 3122 delegatus,
900 3043 1104 3121 arbitrabitur,

133 3154 149 3189 «
169 3131 417 3212 suspendantur3
441 3129 507 3192 etsi
528 3129 567 3192 ita
582 3131 740 3213 suspensi,
758 3133 953 3194 nibilominus
974 3151 1025 3195 eas
1044 3152 1098 3196 nor

133 3244 149 3278 u
170 3221 335 3301 expellant,
350 3226 402 3282 aut
416 3237 487 3282 cum
502 3219 546 3280 eis
560 3220 650 3282 etiarn
662 3228 833 3295 versentur,
849 3229 922 3283 tunc
940 3222 1094 3286 beneficiis

132 3309 362 3390 «portionibus
391 3327 426 3370 ac
453 3308 560 3370 officiis
582 3315 613 3370 et
641 3311 839 3389 pensionibus
862 3311 1105 3394 quibuscumque

133 3397 382 3460 aecclesiasticis
411 3398 557 3478 perpetuo
581 3398 751 3478 prirentur,
780 3409 871 3481 atque
898 3400 1045 3465 inhabiles
1073 3423 1107 3468 ac

133 3508 149 3545 u
171 3485 291 3567 indigni
307 3485 552 3567 quibuscumque
567 3485 755 3560 bonoribus,
770 3489 989 3570 Dignitatibus,
1012 3493 1107 3554 bene-

134 3574 249 3637 «ficiis
269 3593 305 3638 ac
328 3574 433 3638 officiis
459 3575 492 3636 in
519 3583 674 3656 posterum
699 3577 875 3657 reddantur,
902 3579 1017 3658 donec,
1041 3588 1109 3662 post

132 3685 149 3721 a
169 3664 361 3726 manifestam
375 3665 443 3726 ritae
458 3663 714 3740 emendationem,
727 3666 764 3728 ab
776 3686 882 3732 eorum
895 3670 1107 3750 Superioribus

136 3771 242 3817 «cum
266 3753 303 3816 iis
330 3771 368 3816 ex
393 3757 485 3816 causa
505 3755 603 3815 visum
625 3752 715 3818 luerit
738 3757 988 3840 dispensandum.
1003 3758 1063 3819 Sed
1083 3758 1107 3822 si

998 3856 1056 3903 Sbss*
