2590 4208
138 398 141 404 .
188 343 231 406 96
466 355 619 402 recusuri
640 353 722 400 runis
743 353 897 428 canonici..

190 471 274 538 hanc
290 469 463 534 solemnem
482 467 649 530 ediderunt
668 466 893 550 professionem
912 485 919 528 :
941 466 1045 530 Prima
1074 467 1158 533 salos

186 567 243 636 est,
260 567 351 622 recte
373 558 444 620 lidei
467 557 608 636 regulam
623 556 789 619 custodire.
818 555 856 616 Et
882 556 957 637 quia
973 573 1037 618 non
1055 566 1157 637 potest

185 648 309 712 Domini
323 648 417 711 nostri
433 646 505 708 lesu
520 645 634 708 Christi
656 644 851 726 praetermitti
868 645 1021 707 sententia
1041 646 1153 709 dicen-

185 738 246 800 tisr
263 737 308 799 l’u
332 755 365 800 es
386 735 511 807 Petrus,
541 743 571 795 et
600 751 694 814 super
724 734 807 795 hano
842 741 963 814 petram
986 733 1152 798 aedificabo

184 825 354 890 Ecclesiam
371 842 473 886 meam
500 827 522 898 ¹,
539 824 617 896 haec,
640 823 808 905 quaedicta
834 830 918 898 sunt,
948 839 1054 885 rerum
1079 843 1154 906 pro·

185 912 492 985 harrrur'effectilns,
515 912 589 992 quia
612 912 642 972 in
664 909 742 973 Sede
757 911 934 991 Apostolica
950 909 1153 975 immaculata

184 1012 229 1066 ast
242 1020 364 1084 semper
379 1001 535 1064 catholiea
554 1006 708 1063 reservata
724 999 844 1080 religio,
870 1007 899 1060 et
929 1011 1040 1062 sancta
1070 1002 1154 1064 celc-

184 1092 270 1154 brate
285 1091 437 1154 doctrina.
457 1089 503 1150 hh
516 1087 610 1170 hujus
625 1105 699 1167 ergo
715 1087 777 1149 fida
799 1096 830 1148 et
844 1087 984 1150 doctrina
1009 1093 1150 1170 separari

185 1181 312 1244 minime
325 1180 499 1260 cupientes,
520 1195 694 1258 speramus,
714 1184 749 1238 ut
763 1175 795 1237 in
821 1193 885 1238 una
911 1180 1150 1248 communione,

183 1287 280 1350 quam
303 1267 397 1332 Sedes
423 1265 600 1349 Apostolioa
626 1262 785 1346 predicat,
810 1282 877 1327 esse
900 1283 1090 1340 mereamur,
1121 1270 1151 1329 in
1194 1281 1199 1290 ’

183 1376 244 1438 qua
259 1365 304 1418 est
317 1359 437 1436 integra
452 1363 482 1416 et
502 1373 574 1416 vera
588 1350 776 1417 'Christianae
789 1352 951 1433 religionis
967 1354 1111 1419 soliditas
1126 1361 1146 1419 ¹.

182 1445 386 1528 Approhante
407 1461 481 1507 vero
508 1442 709 1523 Lugdunensi
724 1441 862 1506 Concilio
886 1442 1037 1517 secundo,
1055 1444 1152 1510 Graeci

136 1529 139 1533 ’
184 1534 317 1618 professi
332 1542 406 1596 sunt
421 1552 428 1595 :
446 1532 593 1596 Sanctam
608 1532 783 1595 Romanam
798 1531 972 1593 Ecclesiam
987 1551 1150 1597 sumtuum

184 1634 215 1686 et
234 1623 362 1706 plenum
378 1623 550 1704 primatum
569 1627 598 1682 et
621 1621 833 1702 principatum
854 1639 948 1702 super
969 1623 1151 1687 universam

184 1714 354 1777 Ecclesiam
383 1712 571 1775 catholicam
610 1710 772 1783 obtinere,
814 1728 908 1792 quem
937 1728 969 1773 se
999 1712 1038 1774 ah
1079 1713 1149 1794 ipso

187 1802 330 1877 Domino,
347 1802 378 1863 in
396 1801 490 1864 Beato
504 1800 594 1862 Petro
609 1797 830 1879 Apostolorum
848 1799 988 1881 principe
1003 1801 1069 1863 sira
1083 1821 1151 1864 ver·

184 1893 255 1966 tice,
271 1892 360 1972 cujus
375 1890 534 1952 Romanus
549 1888 690 1952 Pontifex
705 1897 751 1950 est
769 1905 939 1963 successor,
957 1907 1029 1950 cum
1049 1898 1150 1971 potes·

184 1982 255 2044 tatis
276 1978 472 2063 plenitudine
494 1978 646 2061 recepisse
661 1977 812 2040 veraciter
835 1987 864 2040 et
880 1978 1042 2040 humiliter
1063 1998 1153 2045 recc-

183 2071 328 2150 gnoseit3
347 2077 378 2130 et
401 2069 481 2130 sicut
509 2085 573 2150 prae
598 2067 716 2130 caeteris
746 2073 867 2130 tenetur
894 2067 965 2128 fidei
985 2068 1151 2133 veritatem

183 2157 361 2232 defendere,
378 2157 422 2218 sic
433 2164 474 2230 et,
493 2159 518 2219 si
533 2174 604 2238 quae
624 2157 663 2218 de
678 2156 740 2218 lide
754 2156 891 2219 subortae
905 2155 1022 2218 fuerint
1043 2178 1150 2240 quaes·

182 2251 292 2324 tiones,
310 2263 368 2308 suo
381 2245 496 2308 dehent
516 2245 635 2323 judicio
650 2244 785 2308 definiri.
812 2245 1032 2308 Florentinum
1060 2247 1151 2311 deni·

182 2355 243 2420 que
257 2335 428 2399 concilium
442 2333 584 2396 delinivit
604 2352 611 2397 :
633 2334 815 2398 Pontificem
831 2337 1020 2410 Romanum,
1038 2356 1150 2401 verum

181 2425 295 2490 Christi
310 2422 486 2497 Vicarium,
511 2424 668 2505 totiusque
682 2423 828 2486 Ecclesiae
848 2433 944 2506 caput
958 2432 988 2486 et
1001 2428 1149 2491 omnium

180 2515 428 2580 Christianorum
444 2523 566 2595 patrem
585 2531 621 2575 ac
635 2513 795 2576 doctorem
817 2513 969 2590 existere;
994 2525 1024 2578 et
1040 2518 1102 2599 ipsi
1118 2518 1149 2580 in

180 2605 274 2668 Beato
286 2603 377 2666 Petro
399 2602 558 2685 pascendi,
575 2602 702 2682 regendi
719 2621 754 2664 ac
767 2601 964 2682 gubernandi
980 2604 1149 2668 universa·

180 2694 241 2756 lem
261 2693 445 2769 Ecclesiam,
463 2711 479 2754 a
503 2691 635 2754 Domino
652 2699 758 2754 nostro
779 2691 851 2753 lesu
873 2690 998 2756 Christo
1022 2693 1153 2776 plenam

183 2789 366 2864 potestatem
383 2780 530 2842 traditam
541 2799 607 2843 esse
621 2781 642 2843 ⁸.

222 2871 302 2935 Huic
317 2870 466 2953 pastorali
484 2871 606 2932 muneri
623 2877 657 2932 ut
667 2868 889 2946 satisfacerent,
906 2870 1154 2938 Prredecessores

182 2961 284 3024 Nostri
299 2959 486 3022 indefessam
501 2977 626 3041 semper
639 2976 767 3041 operam
781 2957 957 3034 dederunt,
974 2970 1009 3023 ut
1028 2963 1153 3027 saluta·
1263 3017 1268 3030 ,

183 3055 227 3114 ris
242 3050 355 3113 Christi
372 3049 514 3111 doctrina
531 3047 615 3130 apud
629 3066 738 3120 omnes
752 3057 842 3111 terrae
854 3049 987 3130 populos
1002 3069 1155 3134 propaga·

186 3148 283 3215 retur,
308 3140 439 3219 parique
453 3156 530 3201 eura
554 3138 746 3220 vigilarunt,
766 3145 811 3213 ut,
837 3138 891 3200 ubi
914 3148 1040 3220 recepta
1059 3150 1141 3205 esset

183 3227 303 3290 sincera
327 3235 358 3288 et
387 3246 466 3308 pura
493 3236 743 3292 conservaretur.
772 3226 924 3304 Quocirca
946 3230 1044 3292 totius
1067 3231 1154 3294 orbis

185 3315 341 3380 dntistites
356 3335 441 3380 nuno
466 3316 595 3398 singuli,
625 3335 711 3381 nunc
738 3318 772 3380 in
799 3315 933 3398 synodis
958 3321 1155 3401 congregati,

210 3569 236 3691 ἑ.
253 3569 452 3691 lnlprtrlpnpppalgp
468 3638 604 3690 llormisdae
622 3637 702 3703 Papa,
718 3644 789 3702 prout
803 3639 833 3690 eh
846 3638 970 3692 lladriano
995 3645 1013 3695 ll
1037 3645 1152 3702 Patribus

180 3709 282 3763 concilii
295 3710 445 3762 OEcumcnici
461 3710 531 3770 vm,
544 3709 853 3776 Constantinopolitanilll,
869 3712 994 3780 proposita
1015 3723 1040 3767 et
1058 3720 1091 3770 ah
1112 3723 1155 3776 iis·

181 3782 235 3834 dem
249 3782 384 3843 subscripta
402 3787 446 3830 est.

209 3851 236 3907 3.
252 3853 288 3906 Cf.
301 3851 371 3904 loen.
387 3862 437 3909 nr,
451 3850 479 3902 l5
492 3849 530 3902 ll.
