2574 4198
445 246 532 292 aranu
552 245 710 292 sucuuous.
1011 241 1069 299 aaa

92 348 205 430 ncipit
229 354 263 412 ut
284 347 515 432 serninariorum
539 347 654 408 alumni
668 349 794 426 cantate,
813 351 949 432 computi
969 352 1071 415 ecole-

91 435 243 510 usiastici
266 435 455 519 aliorumque
481 435 633 497 bonarum
656 437 766 499 artium
793 437 984 520 disciplinam
1008 441 1071 503 dis·

92 547 106 582 a
128 531 212 586 cant.
235 546 251 583 a

126 613 246 674 Musica
269 612 341 675 vero
371 630 433 674 non
461 619 526 674 erat
552 611 584 672 in
612 631 670 674 usu
694 613 726 675 iu
749 616 906 694 ecclesiis,
934 622 1072 698 tempore

85 703 117 762 S.
143 699 272 762 Thomee
296 699 478 780 aquinatis,
506 699 559 761 sad
584 700 622 761 de
647 701 715 778 jure
734 703 879 782 permissa
906 710 969 782 est,
988 710 1070 768 textu

86 807 232 870 expresso
256 789 288 850 in
307 791 427 851 Extrav.
448 788 563 865 Docta,
585 787 630 850 De
646 789 707 850 ot'td
728 799 756 850 et
774 791 884 854 tonost.
902 793 1002 854 cleric.
1019 793 1069 854 ubi

87 875 218 958 loquens
237 877 277 938 de
290 877 508 952 consonantiis,
526 876 663 938 Pontifex
679 878 813 940 insinuat
833 897 884 940 eas
902 898 968 941 esse
982 879 1069 940 adhi-

87 964 214 1038 ltendaS,
230 964 333 1026 diebus
345 963 496 1046 precipue
511 964 706 1042 solemnibus,
721 973 792 1048 quia
807 967 942 1044 anditum
957 966 1069 1027 dentul-

86 1063 166 1130 oent,
182 1054 362 1116 devotionem
375 1063 552 1134 prouocant;
570 1054 761 1116 solummodo
778 1055 889 1118 abusus
903 1055 1071 1136 prohibitus

87 1139 158 1204 luit:
174 1143 308 1222 idedque
323 1143 353 1203 in
368 1142 474 1203 eadem
484 1143 603 1202 Extrav.
618 1143 806 1223 improbatur
820 1164 915 1224 genus
932 1145 1066 1221 musica,

87 1250 147 1311 quo
161 1232 293 1292 omnind
307 1230 492 1292 deformatur
510 1236 541 1291 et
554 1230 718 1292 offuscatur
733 1238 840 1294 cantus
859 1233 983 1314 planus3
999 1231 1068 1294 huic

87 1320 254 1381 concordat
266 1337 365 1381 canon
384 1317 539 1382 Cantantes
553 1323 582 1390 l,
596 1319 664 1380 dist.
681 1325 731 1396 92,
743 1321 795 1382 ubi
810 1321 941 1384 dicitur:
961 1344 977 1382 a
992 1321 1068 1385 Can·

91 1429 105 1464 u
125 1416 222 1469 tantos
237 1408 270 1468 in
289 1407 424 1468 cordibus
441 1408 544 1468 vostris
565 1408 710 1468 Domino:
734 1410 857 1472 audiant
871 1411 935 1472 haec
950 1411 1066 1472 adoles·

90 1518 104 1554 a
123 1497 261 1570 centuli;
277 1496 401 1558 audiant
415 1495 559 1575 liquibus
576 1497 723 1576 psallendi
742 1498 772 1558 in
795 1499 919 1560 eeclesia
933 1500 1065 1560 officium

89 1605 103 1641 a
122 1591 208 1647 cst...
226 1587 289 1646 Nec
301 1585 331 1646 in
346 1583 552 1664 tragoedorum
567 1585 693 1646 modum
708 1593 812 1666 guttur
828 1593 858 1646 et
870 1587 972 1647 lauces
985 1587 1065 1648 dulci

89 1672 330 1736 «medicamine
352 1671 494 1734 liniendae
519 1680 607 1748 sunt,
635 1679 668 1734 ut
697 1673 729 1733 in
755 1674 882 1734 ecclesia
906 1675 1067 1736 theatrales

90 1761 211 1823 «modi
222 1761 384 1824 audiantur
395 1761 560 1835 sicamina,
572 1761 624 1821 sed
635 1761 665 1820 in
676 1761 784 1822 timore
795 1761 1066 1844 etscientiaScrip
1164 1763 1166 1766 ’

88 1872 102 1908 u
120 1855 303 1913 iuratum.»

121 1939 297 2002 Concilium
321 1939 411 2001 etiam
429 1939 562 2022 'trident
586 1937 673 2018 (sess.
693 1942 748 2014 22,
772 1939 817 2000 lle
833 1939 941 2002 obsera.
957 1949 987 2002 et
999 1941 1064 2020 uit.)

83 2029 220 2110 praecipit
240 2033 275 2090 ut
294 2027 361 2088 aab
374 2027 545 2090 ecclesiis...
562 2027 691 2089 musicas
710 2047 760 2089 eas
775 2027 846 2100 ubi,
863 2029 924 2090 sive
948 2048 1063 2110 organo

87 2138 101 2174 a
120 2118 185 2179 sive
204 2123 308 2193 cantu,
328 2116 471 2178 lascivum
485 2123 537 2177 aut
555 2117 711 2196 impurum
730 2117 845 2198 aliquid
864 2118 1046 2182 miscetur...

86 2225 101 2262 o
120 2212 246 2268 arceant
266 2204 442 2286 (Episcopi),
458 2213 493 2266 ut
510 2204 620 2266 domus
633 2205 687 2266 Dei
705 2207 774 2268 vere
794 2205 904 2268 domus
919 2207 1061 2270 orationis

86 2307 101 2352 u
120 2313 188 2356 csse
203 2293 339 2356 videatur
353 2297 383 2354 et
392 2293 487 2374 possit
503 2315 534 2354 u.

119 2385 159 2448 Ut
176 2383 248 2444 verd
268 2381 376 2444 musici
397 2381 474 2442 intra
495 2380 669 2460 hujusmodi
687 2381 797 2444 limites
817 2383 1059 2462 continerentur,

79 2469 215 2534 instituta
229 2469 285 2532 fuit
297 2473 315 2532 l
325 2470 378 2532 Pio
391 2472 431 2532 IV
445 2471 619 2532 commissio
630 2471 717 2550 cujus
727 2490 797 2552 pars
811 2470 867 2532 luit
880 2473 911 2532 S.
924 2473 1058 2549 Carolus,

82 2560 110 2622 iu
125 2563 188 2642 qut
202 2559 404 2622 deliberatum
417 2557 474 2622 tuit
487 2577 524 2620 an
542 2560 579 2620 ad
593 2559 762 2622 decentiam
776 2560 875 2621 cultus
889 2559 983 2621 divini
998 2579 1060 2623 nou

80 2648 235 2730 expediret
253 2649 402 2710 musicam
421 2649 438 2709 la
459 2648 551 2710 sacris
569 2648 675 2710 officiis
695 2649 823 2710 amnind
841 2649 1011 2711 excludere.
1032 2647 1057 2708 Α

79 2737 159 2799 utcu
179 2735 395 2799 commissione
413 2743 536 2798 vocatus
562 2737 617 2798 luit
638 2739 772 2798 loannes
794 2736 898 2797 Petrus
919 2737 1061 2816 rlloysius

80 2826 286 2889 Praenestinus
299 2826 504 2906 (Potestra'nn),
519 2825 672 2906 petitoque
686 2825 724 2884 ab
738 2842 774 2884 eo
788 2841 828 2884 an
841 2829 942 2902 posset
955 2824 1059 2885 haberi

78 2915 195 2978 musica
210 2933 279 2996 quae
297 2915 329 2976 iu
344 2914 478 2976 ecclesiis
497 2913 710 2976 convenienter
732 2917 831 2990 posset
851 2910 965 2986 audiri,
983 2916 1013 2972 et
1026 2911 1058 2973 in

78 3006 138 3084 qud
152 3004 244 3067 verba
265 3003 404 3065 distincte
422 3003 680 3082 intelligerentur,
693 3005 755 3062 tres
769 2999 833 3080 ipse
848 2998 954 3060 missus
969 3016 1057 3060 ccm-

77 3094 192 3172 pusuit,
219 3109 289 3176 quae
311 3091 518 3154 commissioni
542 3091 582 3174 ita
604 3091 781 3171 placuerunt
808 3095 841 3150 ut
869 3088 1056 3168 propositum

77 3181 219 3246 exulandi
235 3181 383 3244 musicam
397 3183 414 3242 a
428 3179 538 3242 divinis
550 3179 654 3240 officiis
668 3179 821 3258 abjectum
835 3177 901 3239 luit.

114 3283 224 3345 Postea
238 3286 359 3358 autem,
372 3298 483 3360 nempe
497 3281 535 3340 22
550 3297 614 3358 apr.
633 3281 722 3354 1657,
740 3275 910 3338 Alexander
925 3277 977 3337 Vll
991 3276 1055 3340 Lit-

76 3375 154 3434 teras
173 3369 363 3451 Apostolicas
380 3369 492 3445 edidit,
514 3368 624 3448 quibus
644 3367 722 3427 circa
744 3365 892 3427 musicam
911 3365 969 3426 tria
986 3385 1055 3428 san·

77 3459 146 3521 cirit
158 3459 261 3542 quoad
275 3457 418 3520 ccclesias
432 3474 584 3530 romanas,
600 3454 737 3516 videlicet
752 3471 761 3514 ε
782 3456 813 3515 l⁰
828 3459 862 3515 ut
878 3453 953 3513 nihil
968 3453 999 3513 in
1011 3456 1056 3518 cis

77 3555 236 3611 caneretur
250 3547 309 3608 nisi
325 3553 492 3608 extractum
507 3543 649 3606 amissuri
662 3589 670 3620 ,
684 3542 776 3603 velex
788 3541 950 3619 Brerierio,
966 3550 1016 3604 aut
1030 3544 1054 3604 si

78 3636 93 3696 l
110 3637 267 3720 Scriptum
292 3637 384 3698 Sacra
397 3635 443 3696 vel
458 3635 511 3696 SS.
534 3630 673 3693 Patribus
687 3630 913 3718 decerperetur,
933 3631 1054 3693 nonnisi

77 3727 276 3802 approbatum
291 3725 308 3785 d
329 3724 360 3785 S.
378 3724 524 3801 Congreg.
550 3720 610 3780 llil.
631 3739 638 3792 ;
664 3724 697 3779 2⁰
715 3725 747 3779 ut
765 3717 893 3778 omnino
911 3720 1055 3777 exclude-
