2590 4208
493 342 577 387 arnna
599 339 733 386 runrrus.
1061 327 1100 392 95

123 440 266 504 Pontifex
291 445 444 510 universae
469 447 614 511 Ecclesiae
630 453 751 528 praeest,
773 446 924 514 docemus
947 447 1041 511 etiam
1064 445 1096 514 et

122 529 334 594 declaramus.
350 552 421 597 eum
434 554 501 599 esse
510 535 650 618 judicem
669 551 854 616 supremum
870 534 1009 599 fidelium
1024 541 1047 616 ¹,
1063 547 1096 602 et

124 618 157 681 in
172 619 322 684 omnibus
334 624 438 687 causis
452 624 492 688 ad
514 643 645 688 examen
663 622 909 688 ecclesiasticum
935 627 1097 706 spectanti·
1138 631 1149 640 “

125 706 197 782 lane,
225 707 265 771 ad
292 709 392 792 ipsius
414 730 505 794 posse
527 711 682 793 judicium
706 712 826 775 recurri
843 711 880 785 ¹;
911 710 999 778 Sedis
1021 731 1097 778 vero

127 797 326 880 apostolica,
342 799 431 882 cujus
446 803 631 866 auctoritate
644 799 744 886 major
758 818 822 865 non
838 810 895 878 est,
908 800 1064 882 judicium
1078 821 1112 879 a

127 887 256 951 nemine
284 887 349 952 iore
376 892 623 966 retractandum,
653 909 759 973 neque
788 891 939 972 cuiquam
966 890 1006 954 de
1028 892 1097 973 ejus

127 975 220 1039 licere
230 975 372 1057 judicare
383 979 504 1060 judicio
518 985 541 1042 ⁸.
558 981 693 1056 Quarea
710 986 795 1042 recto
817 979 956 1042 veritatis
971 980 1098 1044 tramite

129 1064 290 1143 aberrant,
304 1069 358 1147 qui
381 1069 550 1146 affirmant,
567 1070 662 1132 licere
684 1067 725 1130 ab
735 1067 863 1150 judiciis
880 1068 1096 1134 Romanorum

129 1154 317 1219 Pontificum
346 1157 384 1220 ad
412 1159 644 1222 oecumenicum
670 1156 847 1220 Concilium
876 1166 1030 1239 tanquam
1058 1157 1098 1222 ad

90 1295 94 1302 .
130 1244 346 1308 auctoritatem
362 1247 504 1310 Romano
519 1248 670 1310 Pontifice
685 1247 881 1328 superiorem
897 1247 1069 1329 appellare.

169 1331 201 1396 st
221 1329 291 1415 q'uis
309 1335 414 1417 itaque
435 1336 549 1398 dixerit
571 1337 750 1400 Romanum
775 1335 958 1399 Pontificem
981 1335 1099 1400 habere

129 1423 350 1486 tantummodo
364 1424 502 1488 officium
523 1425 726 1507 inspectionis
741 1423 789 1488 vel
810 1423 1008 1503 directionis,
1033 1441 1098 1490 non

129 1519 238 1575 autem
254 1513 378 1592 plenam
392 1521 425 1576 et
438 1533 617 1595 supremam
634 1519 817 1594 potestatem
832 1513 1100 1592 jurisdictionisiu

130 1603 311 1664 universam
324 1601 510 1674 Ecclesiam,
525 1621 587 1668 non
601 1603 702 1665 solum
712 1603 745 1663 in
762 1600 856 1664 rebus
866 1619 937 1682 quae
952 1599 991 1662 ad
1004 1600 1100 1664 iidem

129 1701 160 1752 et
184 1709 299 1767 mores,
328 1691 500 1754 sedetiam
529 1709 600 1774 quae
617 1689 656 1752 ad
684 1688 886 1770 disciplinam
907 1695 937 1752 et
960 1689 1100 1771 regimen

85 1822 89 1828 -
130 1781 279 1846 Ecclesiae
295 1799 351 1863 per
366 1789 467 1843 totum
482 1780 593 1844 orbem
608 1777 729 1842 diffusoe
752 1777 928 1861 pertinent3
951 1785 1005 1840 aut
1027 1795 1102 1842 eum

132 1870 251 1934 habere
266 1877 390 1933 tantum
408 1870 543 1952 potiores
557 1878 669 1951 partes,
686 1885 750 1932 non
765 1884 839 1930 vero
854 1873 951 1930 totam
966 1865 1102 1948 plenilu-

130 1962 240 2023 dinem
253 1959 348 2042 hujus
362 1978 517 2042 supremoe
529 1957 706 2042 potestatis;
725 1967 777 2019 aut
790 1958 874 2019 hanc
888 1955 954 2037 eius
966 1962 1101 2038 potesta·

132 2059 196 2112 tem
213 2067 277 2113 non
294 2068 360 2113 esse
375 2049 569 2113 ordinariam
584 2055 614 2110 et
628 2045 854 2121 immediatam,
870 2045 935 2108 sive
950 2045 982 2107 in
993 2061 1104 2108 omues

133 2158 171 2202 ac
184 2138 325 2218 singulas
338 2137 494 2210 ecclesias,
512 2138 576 2202 sive
591 2137 624 2200 in
637 2153 748 2201 omues
761 2144 792 2200 et
806 2135 948 2219 singulos
963 2141 1105 2218 pastores

133 2238 164 2292 et
179 2227 305 2307 [ideles3
328 2227 497 2292 anathema
515 2227 565 2290 sit.

490 2449 659 2531 CAPUT
684 2447 754 2529 IV.

237 2654 276 2701 DE
302 2651 416 2701 nonnul
436 2648 598 2698 PONTlFlGlS
620 2645 797 2694 iuraturum!
817 2641 1008 2694 utorsrultlo.

179 2789 250 2873 lpso
265 2795 370 2852 autem
384 2785 564 2868 Apostolico
578 2783 729 2866 primatu,
748 2799 844 2862 quem
859 2781 1023 2844 Romanus
1036 2781 1112 2848 Pon·

139 2881 213 2946 uter
228 2888 380 2960 tanquam
393 2876 475 2938 Petri
490 2873 642 2957 principis
657 2871 879 2954 Apostolorum
895 2886 1054 2933 successor
1074 2873 1108 2934 in

142 2971 322 3036 universam
345 2965 518 3030 Ecclesiam
533 2963 665 3038 obtinet,
686 2977 867 3041 supremam
892 2977 1019 3042 quoque
1047 2977 1111 3022 ma·

140 3059 259 3143 gislerii
285 3063 471 3140 potestatem
504 3051 755 3134 comprehendi,
783 3051 850 3113 haec
876 3047 990 3112 Sancta
1019 3046 1113 3111 Sedes

141 3167 267 3232 semper
292 3147 413 3222 tenuit,
443 3149 614 3226 perpetuus
639 3141 785 3204 Ecclesiae
810 3157 886 3203 usus
916 3135 1111 3219 comprobat,

142 3243 276 3322 ipsaque
300 3235 496 3300 oecumenica
511 3229 665 3306 Consilia,
689 3249 725 3292 ea
753 3229 922 3310 imprimis
939 3228 971 3290 in
997 3227 1115 3310 quibus

142 3329 252 3396 Oriens
275 3343 348 3390 cum
372 3323 539 3388 Occidente
559 3322 591 3382 in
616 3318 689 3382 fidei
711 3318 937 3396 charitatisque
962 3317 1116 3380 unionem

144 3416 362 3489 conveniebat,
379 3412 628 3475 declaraverunt.
647 3411 752 3470 Patres
772 3406 858 3468 enim
874 3405 1004 3469 Concilii
1020 3405 1116 3470 Cons-

146 3503 403 3587 tantinopolitani
425 3501 542 3585 quarti,
572 3497 730 3580 maj0rum
755 3496 894 3576 vestigiis
919 3496 1117 3576 inherendo.

179 3723 202 3774 l.
220 3720 258 3771 Pii
271 3718 319 3768 PP.
331 3716 366 3766 Ἡ
380 3715 455 3766 Breve
472 3725 487 3764 u
504 3713 584 3776 Super
596 3710 748 3762 soliditate»
766 3712 791 3764 d.
802 3711 834 3764 28
844 3712 909 3765 Nor.
924 3713 994 3765 1786.

178 3794 202 3844 2.
221 3789 316 3844 concil.
326 3788 421 3839 (Ecum.
433 3785 547 3848 lugdun.
561 3784 598 3834 11.

180 3865 205 3918 8.
221 3862 268 3930 Ep.
278 3860 372 3913 Nicolai
384 3859 403 3910 l.
417 3858 448 3908 ed
460 3855 603 3908 Michaelem
618 3853 802 3920 imperatorem.
1008 3875 1076 3930 um
