2590 4208
498 217 585 264 trena
606 215 740 264 manns.
1063 200 1101 262 87

170 329 215 394 De
229 332 384 413 religiosis
399 331 438 396 ad
453 331 547 395 aliam
563 329 748 410 religionem
761 331 999 395 transeuntibus
1014 333 1102 394 suffi-

128 435 201 484 cere
222 434 355 502 possunt
374 422 458 485 diota
472 438 567 501 snpra
592 419 687 500 (95³).
716 417 794 480 Vide
817 427 923 482 tamen
943 421 1104 492 Manuale,

127 504 173 569 nl·
193 509 379 574 {altillo-3102.

460 711 673 776 AR'IIGULUS
695 709 772 774 VIII.

129 892 170 938 DE
197 891 410 938 surenosslorto
438 888 573 934 onomott
594 887 631 932 EI*
658 885 874 933 notrorosotttttt
900 885 1103 932 olsroasron'a.

173 1029 263 1090 1038.
286 1025 375 1088 Vela
400 1024 540 1104 legitima
555 1023 756 1097 auctoritate,
779 1043 833 1086 seu
853 1026 1107 1106 competentibus

130 1115 351 1178 ecelesiasticis
366 1113 600 1195 superioribus,
617 1111 667 1174 vel
682 1131 700 1174 a
714 1119 867 1194 potestate
882 1115 1025 1177 saeoulari
1036 1135 1107 1197 sup·

131 1204 317 1285 primuntur
340 1203 476 1265 ordines.
506 1202 539 1264 In
557 1201 657 1282 priori
678 1219 765 1277 cusu,
792 1219 873 1284 opus
891 1221 956 1266 non
972 1211 1018 1266 est
1033 1205 1130 1272 reli-J

130 1293 230 1370 giosis
250 1291 390 1354 indicare
403 1290 508 1372 qualis
521 1307 588 1352 esse
602 1289 714 1352 debeat
728 1307 839 1354 eorum
854 1292 935 1354 ratio
950 1293 1077 1356 vivendi
1094 1315 1100 1354 :

130 1379 279 1441 vixenim
295 1379 429 1460 supponi
442 1386 544 1460 potest
553 1378 630 1459 ipsis
640 1377 829 1460 superiores,
842 1398 900 1462 pro
909 1380 963 1444 tali
976 1393 1100 1459 evento,

130 1485 196 1530 non
217 1467 284 1531 fore
307 1468 497 1530 sufficienter
518 1467 700 1550 provisuros
731 1467 763 1529 in
791 1469 927 1551 ipsomet
958 1490 1104 1554 suppres-

130 1557 229 1620 sionis
242 1555 378 1621 decreto.

170 1645 227 1708 Ius
242 1656 347 1708 autem
358 1662 575 1726 quoscumque
589 1643 716 1707 ordines
728 1646 947 1728 supprimendi
962 1647 1001 1710 ad
1013 1647 1105 1710 Sum-

130 1752 222 1797 mum
245 1733 430 1796 Pontitioem
445 1745 528 1796 certe
544 1742 682 1816 spectat,
699 1735 873 1816 etquidem
897 1736 1051 1816 privative
1065 1737 1105 1798 ad

130 1824 238 1906 ipsum
253 1823 418 1898 duntaxat,
433 1823 562 1904 quando
574 1822 613 1884 ab
625 1823 694 1904 ipso
710 1823 922 1906 approbatum
937 1823 998 1888 fuit
1011 1825 1103 1886 insti-

130 1919 248 1976 tutum.
273 1911 306 1974 Si
325 1930 398 1974 vero
419 1930 436 1973 a
457 1911 525 1976 solo
545 1909 710 1974 Ordinario
733 1913 946 1994 'approbatum
972 1914 1102 1985 inisset,

129 2002 329 2084 supprimere
343 2001 473 2082 quidem
487 2009 590 2083 posset
602 1999 796 2079 ordinarius,
806 2009 944 2066 attamen
956 2019 1021 2066 non
1036 2003 1106 2066 siae·

127 2092 330 2172 jostaoausa.
954 2122 955 2127 κ

126 2177 128 2181 ’
172 2179 206 2241 In
219 2181 381 2260 posteriori
402 2199 487 2253 casn,
503 2178 669 2258 illegitima
683 2188 762 2242 esset
777 2182 970 2262 suppressio,
987 2191 1016 2244 et
1032 2183 1102 2244 Ins-

128 2269 261 2330 titutum
283 2286 348 2331 non
371 2267 528 2330 desineret
545 2267 663 2329 habere
678 2269 865 2332 eanonicam
881 2270 1100 2347 existentiam;

129 2357 251 2440 quippe
265 2357 298 2418 in
313 2376 362 2420 res
384 2355 565 2438 spirituales
581 2364 765 2437 potestatem
781 2377 845 2422 non
861 2358 957 2422 habet
980 2361 1103 2422 saecula-

128 2451 173 2508 ris
188 2454 325 2526 potestas
347 2464 355 2507 ε
373 2444 457 2506 unde
479 2445 618 2525 religiosi
633 2456 832 2508 remanerent
852 2456 927 2510 tune
943 2449 1023 2510 votis
1038 2451 1104 2511 suis

129 2535 278 2599 devincti.
295 2533 428 2609 Quando
440 2543 546 2596 autem
561 2535 605 2596 sie
618 2535 821 2616 expelluntur
834 2555 850 2597 a
861 2537 926 2598 suis
940 2537 1101 2612 domibus,

129 2625 207 2704 ipsis
233 2632 357 2685 tantum
383 2623 586 2703 permittitur,
610 2623 715 2704 inquit
740 2623 915 2686 Cardinalis
934 2625 977 2688 De
996 2627 1099 2700 Luna,

129 2715 225 2775 oioere
238 2713 269 2772 in
282 2713 386 2775 soeoulo
408 2713 440 2773 in
459 2710 560 2774 lubitu
585 2713 692 2774 elerici·
708 2713 923 2776 soeoulurissub
937 2715 1101 2778 obedientie

130 2801 298 2866 Ordt'norit'.
581 2871 583 2878 Ι

169 2893 238 2954 Non
253 2889 509 2953 obstantetamen
525 2898 598 2952 voto
613 2892 817 2972 paupertatis,
829 2892 924 2953 etiam
941 2895 1073 2956 solemni
1091 2942 1100 2968 ,

132 2985 264 3064 possunt
278 2979 438 3060 regulares
460 2978 615 3062 dispersi,
634 2978 737 3042 valide
752 2988 782 3040 et
797 2980 882 3042 licite
900 2999 949 3043 res
970 2981 1029 3044 sibi
1045 3002 1102 3044 ne-

129 3069 291 3144 cessarias,
322 3076 376 3130 aut
401 3068 493 3130 utiles
513 3067 590 3150 (non
612 3085 685 3130 vero
699 3067 915 3151 voluptuarias
931 3077 984 3132 aut
1007 3075 1103 3134 statui·

128 3158 277 3240 religioso
291 3157 494 3240 incongruas)
510 3175 706 3240 comparare,
721 3159 889 3240 pecuniam
905 3159 987 3240 apud
997 3179 1028 3221 se
1043 3161 1101 3223 ha-

128 3248 216 3324 bere,
231 3253 262 3310 et
275 3247 377 3310 varios
391 3247 571 3327 emptionis,
588 3245 780 3310 venditionis
793 3256 824 3309 et
838 3248 1014 3311 donationis
1028 3267 1100 3313 oon·

130 3343 248 3400 tractus
261 3335 342 3398 inire
362 3355 370 3398 ι
387 3335 425 3398 ad
450 3335 507 3398 hos
523 3336 608 3398 enim
626 3343 712 3397 actus
733 3338 924 3400 necessarios
940 3344 993 3401 aut
1008 3341 1099 3404 utiles

130 3424 269 3508 agendos
283 3424 441 3487 licentiam
458 3425 554 3487 asnis
569 3424 707 3486 Praelatis
721 3424 838 3488 habere
852 3435 1028 3491 censentur.

169 3515 345 3579 Remanent
360 3521 463 3576 autem
485 3513 634 3594 legitimis
646 3513 710 3576 suls
724 3514 937 3596 superioribus
956 3519 1099 3598 subjeoti,

131 3602 286 3688 quamdiu
298 3622 353 3688 per
368 3603 584 3665 auctoritatem
598 3601 839 3666 ecelesiasticam
855 3606 932 3670 ordo
949 3627 1013 3671 non
1028 3609 1099 3670 fue-

131 3695 173 3760 rit
188 3711 386 3776 suppressus.
404 3691 443 3752 Et
463 3691 502 3753 de
518 3691 599 3754 facto
613 3691 766 3757 extinctus
787 3713 850 3760 non
874 3707 920 3758 est
937 3696 1105 3761 habendus
