2552 4204
484 298 573 343 maan
593 294 728 340 rannus.
1038 273 1095 342 ttt

126 411 206 456 suam
220 393 361 456 haeresim
373 394 474 478 palam
496 394 710 468 ejuratorum,
726 389 763 451 ad
778 389 924 452 vomitum
940 408 1029 452 suum
1050 409 1097 456 re·

126 489 292 558 certantum
307 482 436 564 suspecti
456 479 491 544 de
506 478 612 542 derasi
635 485 706 540 sunt
724 477 766 538 ilti
787 480 852 558 qui,
867 478 934 540 lieet
958 478 1098 543 baresim

126 571 278 633 manifesto
293 589 355 632 non
368 571 587 651 profiteantur,
604 567 713 630 merito
724 571 826 627 tamen
842 574 874 628 ut
890 566 964 628 tates
979 587 1099 647 praesu·

91 732 92 740 ἵ
125 667 245 718 muntur
258 675 296 718 cx
312 657 402 718 variis
420 655 563 718 indiciis:
582 653 620 715 de
635 653 673 714 iis
692 651 761 717 ‚vide
777 653 892 716 Concil.
909 654 1048 719 Lateran.
1065 653 1101 718 tt

125 744 203 826 (Cap.
218 745 448 808 Eecommam‘c.
466 749 520 820 l3,
535 743 571 805 cle
585 741 761 821 hereticis).
969 824 973 831 Ι

84 892 92 903 ,,
162 834 217 895 Per
236 833 393 914 complices
409 833 536 913 intelligi
559 831 690 893 debent:
708 834 739 890 t⁰
755 838 946 911 receptatores
960 831 1012 910 qui
1033 850 1102 915 asy-

124 919 183 982 lum
197 921 348 984 baereticis
360 922 498 1004 praebent
512 938 551 982 ne
565 919 686 982 veniant
703 918 735 979 in
748 917 885 999 iudicum
902 937 1032 995 manns,
1054 921 1101 984 vel

124 1008 173 1090 qui
203 1009 313 1072 domos
340 1029 411 1074 suas
440 1009 479 1072 ad
508 1007 720 1072 conventicula
745 1014 910 1087 praestant3
939 1013 972 1070 θ’
1000 1007 1108 1087 detera«

124 1115 197 1160 corea
219 1098 275 1180 qui
298 1097 456 1163 haereticos
481 1096 615 1159 indebita
635 1095 820 1172 detendunt,
847 1115 885 1158 ne
908 1098 925 1159 t
948 1095 1103 1178 judicibus

126 1185 303 1266 puniantur3
320 1189 353 1250 3ο
375 1187 506 1268 fautores
520 1184 589 1266 qui,
605 1203 802 1265 quocumque
823 1185 932 1260 modo,
953 1185 1103 1250 haereticis

125 1275 304 1338 auxiliantur
318 1281 424 1339 contra
437 1273 654 1338 coercitionem
665 1273 832 1354 legitimam
844 1292 916 1356 erga
929 1274 1010 1357 ipsos
1020 1275 1103 1339 adbi·
1146 1345 1149 1350 ,

126 1361 228 1426 bitum.

160 1455 230 1516 868.
253 1454 303 1516 Ill.
320 1451 419 1514 Variis
432 1452 532 1533 poenis
550 1451 674 1513 haeresis
689 1453 705 1512 a
721 1453 815 1514 sacris
832 1455 1002 1518 canonibus
1016 1456 1100 1537 plec-

125 1537 209 1603 titur:
230 1539 288 1602 itlae
300 1546 403 1601 autem
415 1557 514 1619 poenae
528 1547 610 1612 sunt,
619 1539 747 1617 juxtaC.
762 1541 882 1620 Soglia:
903 1547 961 1604 nle
972 1547 1101 1606 Excom·

128 1627 331 1690 «munientia
346 1629 413 1690 latae
433 1627 590 1688 sententiae
614 1629 646 1687 S.
669 1627 806 1688 Pontifici
827 1627 978 1692 reservata
998 1633 1103 1712 (modd

128 1735 145 1774 a
163 1715 289 1779 baeresis
298 1716 336 1777 sit
347 1713 693 1778 consummatainteribs
703 1717 900 1798 etexteribs),
911 1737 1003 1798 quam
1011 1721 1100 1783 etian

128 1804 327 1868 rincurrunt
346 1804 480 1867 fautores
496 1808 527 1866 et
549 1811 734 1883 receptores,
760 1808 827 1866 turn
849 1805 986 1887 ipsorum
1006 1808 1101 1874 libros

128 1915 143 1952 c
160 1893 312 1976 legentes,
328 1894 508 1969 retinentes,
523 1910 560 1954 ac
572 1891 794 1972 imprimentes.
804 1893 876 1976 Cap.
886 1895 1102 1960 Eccommuoi-

128 2001 262 2045 scarras
284 1983 342 2059 13,
366 1980 402 2044 de
421 1979 612 2043 hereticis.»
640 1979 812 2061 (Probabile
835 1991 880 2045 est
902 1991 1007 2048 tamen
1032 2005 1100 2050 eam

45 2134 48 2140 ,
124 2070 472 2136 excommunicationem
489 2088 550 2130 non
570 2069 682 2130 incurri
700 2071 717 2132 a
733 2071 908 2151 parentibus
924 2081 955 2134 et
970 2075 1062 2137 tdiis:
1078 2075 1102 2138 si

126 2177 187 2223 non
209 2179 249 2223 ex
273 2159 387 2222 motivo
410 2159 532 2221 haeresis
555 2158 608 2220 scd
624 2158 739 2220 ratione
764 2163 1034 2242 consanguinitatis
1053 2170 1104 2228 aut

19 2297 22 2304 .
129 2247 260 2314 amicitia
273 2247 422 2310 haercticis
435 2247 553 2310 faveant
568 2246 671 2328 (told,
681 2257 713 2310 n⁰
722 2249 808 2330 307.)
827 2255 888 2313 «2⁰
901 2253 1067 2333 Depositio,
1078 2255 1103 2316 si

129 2359 144 2396 a
162 2338 267 2401 clerici
282 2337 410 2412 tuerint,
427 2335 465 2396 ab
482 2337 567 2398 omni
588 2336 686 2399 officio
703 2346 733 2400 et
756 2339 924 2415 beneflcio,
944 2359 979 2403 ac
995 2341 1103 2422 degra-

128 2448 144 2486 α
162 2425 258 2490 datio.
274 2429 308 2489 3ο
321 2425 495 2487 lnbabilitas
505 2425 543 2486 ad
558 2427 713 2506 quodlibet
728 2428 861 2490 officium
876 2437 905 2490 et
921 2429 1103 2491 beneficium

128 2535 144 2574 a
162 2513 414 2577 ecclesiasticum.
432 2518 465 2574 l·
476 2514 684 2594 Irregutaritas
694 2533 747 2577 sen
762 2515 935 2578 inhabilitas
949 2515 988 2578 ad
1003 2535 1105 2580 sacros

126 2623 142 2660 a
161 2604 287 2665 ordines
305 2602 516 2685 suscipiendos
527 2601 572 2663 iel
592 2603 789 2666 exercendos.
804 2605 858 2666 His
875 2605 973 2667 tribus
988 2605 1103 2686 poenis,

128 2711 143 2749 a
162 2692 312 2754 nimirum
323 2691 491 2771 privatione
500 2689 638 2752 onmium
650 2691 822 2756 officiorum
833 2699 861 2754 et
872 2691 1103 2772 beneficiorum,

128 2801 143 2837 u
161 2779 300 2860 itemque
310 2780 498 2842 inhabilitate
513 2777 673 2858 adquaevis
684 2781 781 2842 odicia
791 2789 820 2841 et
832 2780 979 2842 beneficia
993 2789 1022 2842 et
1035 2782 1105 2844 irre·

128 2889 143 2926 a
162 2865 1106 2950 gularitate,mulctanturetiamfautores,receptoresctdefen-

127 2979 142 3015 α
162 2977 249 3020 sores
263 2956 492 3034 baereticorum,
511 2961 603 3036 atque
617 2955 753 3036 ipsorum
768 2956 854 3019 liberi
870 2957 909 3019 ad
929 2957 1062 3038 primum
1076 2962 1105 3018 et

127 3067 143 3105 ι
161 3037 336 3110 secundum
350 3046 478 3127 gradum
491 3063 545 3125 per
559 3043 671 3105 tineam
682 3053 854 3126 paternam,
870 3065 925 3125 per
935 3051 1104 3106 maternam

127 3157 142 3194 a
160 3137 236 3198 verb
250 3135 289 3196 ad
306 3137 439 3215 primurn
461 3133 590 3215 gradum
614 3133 770 3198 duntaxat.
787 3136 834 3198 Et
854 3133 991 3216 quidem,
1007 3135 1105 3214 inquit

128 3246 142 3283 u
162 3223 281 3286 Bened.
304 3226 391 3300 xtv,
411 3223 457 3286 Dc
477 3223 599 3302 Syn...,
615 3222 667 3284 lib.
684 3227 734 3297 13,
757 3243 825 3304 cap.
841 3228 897 3298 24,
915 3232 1003 3304 pater
1016 3225 1104 3286 ctiam

127 3335 141 3371 u
158 3323 228 3396 post
248 3313 397 3393 cjarctom
415 3313 551 3374 lroeresim
573 3313 805 3392 irrepolocitate
824 3321 957 3387 teactae,
979 3311 1106 3396 adeoque

126 3423 141 3460 u
160 3403 380 3484 dispensatione
394 3401 509 3482 indipct
522 3401 563 3464 ad
573 3401 691 3464 ordines
706 3398 914 3481 corripiendos.
932 3401 986 3476 At,
1001 3402 1105 3464 relicti

126 3511 141 3551 a
159 3492 281 3573 opacae
294 3492 421 3570 corea,
436 3510 525 3574 eoque
545 3493 584 3553 ad
598 3491 742 3553 Ecclesiae
759 3489 858 3551 simum
874 3509 1005 3564 reverso,
1020 3491 1104 3573 filii,

126 3582 256 3665 ajacem
276 3581 436 3662 aequiorem
461 3589 491 3641 et
515 3581 613 3663 mopis
639 3587 787 3660 receptam
808 3580 1104 3660 interpretationem,

127 3691 142 3729 ι
161 3669 397 3749 imcpuloritcte
408 3667 577 3732 solvuntur.
602 3672 636 3731 5⁰
654 3667 781 3729 lulamia
802 3687 862 3728 non
878 3670 996 3730 tantum
1016 3665 1103 3741 iacti,

127 3781 141 3813 ·.
161 3757 219 3820 sed
235 3757 326 3820 etiarn
339 3755 433 3835 iuris,
449 3758 516 3840 ipsc
531 3757 610 3820 tacto
626 3755 808 3818 incurrendo
823 3758 901 3836 lcap.
922 3758 970 3828 ta,
987 3753 1031 3815 lle
1044 3753 1104 3818 toe.

235 3881 240 3888 .
1000 3855 1059 3904 TW

1259 625 1261 664 l

1235 19 1244 345 t

1240 350 1246 557 ¹

1248 836 1255 941 i

1251 962 1256 1025 l

1252 1034 1258 1077 t
