2604 4196
236 179 296 239 5⁶28
495 188 648 234 evannum
668 187 751 232 runis
772 185 922 232 canonici.

237 290 335 353 tiliciis
361 288 630 351 Constitutionibus
662 286 890 348 ordinariorum
925 286 1152 351 attestationes..
1172 293 1219 354 Ita

237 379 391 441 decretum
407 380 445 442 18
457 376 533 438 1111.
552 379 640 438 1813.

276 471 310 530 3·
329 469 409 528 Inter
424 465 670 542 benedictiones,
685 463 752 526 aliae
772 465 789 525 a
808 463 900 524 meris
921 461 1128 526 sacerdotibus
1149 466 1222 528 sine

238 555 424 638 delegatione
436 554 565 617 conferri
578 553 687 622 valent;
699 553 765 614 aliae
777 551 815 612 ab
828 551 898 633 ipsis
911 553 1045 633 praestari
1059 564 1222 634 nequeunt

239 645 296 708 nisi
310 652 459 725 quatenus
481 644 519 704 ab
539 641 696 724 Episcopis
719 640 847 720 delegati
868 640 995 716 luerint3
1013 641 1078 704 aliae
1092 643 1223 706 tandem
1278 695 1279 700 ,

239 733 394 815 Episcopis
408 739 478 795 sunt
498 739 655 795 reservata
673 749 680 791 :
695 729 777 792 unde
792 729 824 790 in
839 729 960 791 Ilitaoti
972 729 1083 794 dicitur
1098 751 1106 794 ε
1126 737 1222 796 «No-

244 844 258 880 r
278 823 353 883 verit
366 821 505 884 sacerdos
518 838 648 902 quarum
664 837 767 882 rerum
789 817 1016 881 benedictiones
1036 821 1074 882 ad
1093 820 1220 903 ipsum,

245 935 259 972 n
278 917 308 974 et
327 930 395 992 quae
410 911 447 972 ad
460 911 646 992 Episcopum
667 927 723 970 suo
737 910 806 988 J'ure
829 909 1019 988 pertineant,
1040 927 1079 971 ne
1094 913 1223 991 majoris

245 1023 260 1060 v
278 1000 438 1080 Dignitatis
453 1017 580 1061 munera
595 999 710 1060 temere
724 1001 777 1059 aut
787 995 927 1078 imperite
940 1015 1075 1078 unquam
1090 1009 1221 1083 usurpet

245 1109 260 1146 a
281 1087 402 1168 propria
416 1086 601 1148 auctoritate.
618 1108 633 1145 1

279 1175 346 1238 Non
362 1179 458 1256 potest
467 1181 568 1238 autem
579 1174 676 1238 valide
689 1181 741 1236 aut
755 1173 912 1236 1111111111
927 1173 1097 1238 benedictio
1110 1177 1221 1242 111111

241 1282 278 1326 eo
290 1263 343 1345 qui
357 1263 394 1324 ad
404 1263 462 1325 talc
475 1281 586 1325 munus
600 1263 785 1344 designatur.

191 1346 192 1350 ’
280 1356 349 1416 703.
376 1351 607 1426 benedictiones
629 1352 784 1434 Episcopis
800 1351 929 1433 propriae
943 1361 1015 1416 sunt
1028 1353 1086 1416 illae
1100 1354 1130 1416 in
1146 1359 1218 1438 qui-

242 1442 298 1504 bus
318 1440 477 1504 intervenit
490 1458 573 1504 sacra
594 1443 717 1516 unctio,
734 1440 812 1503 sicut
825 1441 916 1502 etiam
930 1441 1155 1508 benedictiones
1169 1465 1219 1508 sa-

243 1529 439 1593 cerdotalium
468 1530 737 1607 indumentorum,
763 1548 965 1611 mapparum,
994 1535 1217 1614 corporalium,

184 1677 186 1681 .
242 1617 443 1694 tabernaculi,
466 1618 591 1696 ciborii,
617 1637 701 1682 novae
725 1619 843 1696 crucis,
868 1618 1055 1701 imaginum,
1082 1622 1221 1704 primarii

243 1707 367 1790 lapidis,
382 1707 533 1785 ecelesiae,
548 1708 722 1772 ooemeterii.
740 1742 774 1752 —
793 1708 924 1770 Observa
937 1716 1039 1772 tamen
1054 1712 1148 1774 solam
1162 1713 1217 1776 be-

244 1797 445 1860 nedictionem
459 1797 628 1860 solemnem
642 1799 740 1860 crucis
753 1803 783 1858 et
796 1797 965 1879 imaginum
979 1817 1044 1862 esso
1059 1802 1217 1884 Episcopis

243 1891 439 1964 reservatam,
455 1904 516 1947 non
533 1892 634 1948 autem
655 1886 799 1968 privatam
815 1904 884 1967 quaa
905 1885 939 1947 fit
961 1905 1032 1950 cum
1051 1891 1140 1952 unico
1154 1894 1216 1953 mi-

244 1975 336 2036 nistro
347 1975 501 2057 privatim,
512 1975 626 2056 absque
640 1992 791 2038 concursu
801 1982 831 2036 et
840 1981 941 2038 cantu.
954 1977 986 2040 S.
996 1978 1033 2042 R.
1045 1979 1091 2055 0.,
1104 1983 1141 2042 la
1148 1981 1214 2060 julii

245 2067 337 2141 irat,
354 2071 387 2124 n·
402 2065 492 2126 3518.

281 2153 439 2218 11111111
466 2151 712 2231 benedictiones,
729 2153 869 2232 quaedam
895 2156 1051 2238 Episcopis
1079 2165 1148 2220 sunt
1174 2163 1214 2224 ita

244 2245 372 2325 propriae
386 2248 419 2306 ut
432 2241 470 2302 ab
489 2242 562 2324 ipsis
577 2249 728 2324 nequeant
748 2244 953 2306 sacerdotibus
967 2248 1133 2324 committi,
1148 2249 1215 2316 aliae

245 2333 312 2395 1111
326 2335 344 2394 a
359 2331 450 2394 meris
474 2331 656 2414 presbyteris
678 2332 716 2394 ab
740 2333 898 2394 Ordinario
922 2333 1065 2415 delegatis
1080 2337 1213 2418 impendi

243 2429 378 2502 possunt.

284 2512 401 2575 Peioris
414 2511 528 2593 penaria
541 2516 612 2572 sunt
623 2527 730 2574 omnes
745 2510 970 2572 benedictiones
985 2513 1169 2597 episcopales
1183 2519 1214 2582 in

214 2619 217 2625 ·
243 2601 354 2682 quibus
366 2600 535 2662 adhibenda
549 2605 593 2660 est
607 2600 710 2661 unctio
722 2646 730 2673 ,
747 2603 781 2661 ut
793 2600 980 2662 consecratio
998 2602 1212 2686 ecclesiarum,

243 2691 398 2767 altarium,
412 2689 559 2763 calicum,
578 2694 778 2768 patenarum,
793 2707 1030 2769 campanarum,
1046 2691 1214 2760 benedictio

243 2781 333 2861 Regis
355 2787 383 2842 et
403 2777 547 2858 Reginae,
564 2776 688 2839 Abbatis
714 2783 744 2838 et
770 2776 935 2838 Abbatissac
959 2784 990 2841 et
1015 2783 1214 2850 verisimiliter

243 2869 427 2932 consecratio
444 2868 596 2948 virginum
611 2874 639 2927 et
653 2865 823 2928 benedictio
839 2867 906 2928 novi
920 2867 1039 2946 militis,
1055 2873 1109 2932 etsi
1122 2873 1153 2935 in
1170 2878 1213 2940 eis

244 2960 346 3022 unctio
369 2978 430 3020 non
454 2957 649 3033 adhibeatur;
666 2956 746 3016 idem
761 2961 806 3016 sat
819 2958 1022 3020 communiter
1044 2959 1154 3024 dicitur
1175 2966 1212 3030 de

243 3047 451 3110 benedictione
465 3045 692 3108 sacerdotalium
708 3044 975 3123 indumentorum,
990 3053 1209 3131 corporalium,

244 3155 422 3218 mapparum
435 3137 496 3198 sive
511 3134 718 3196 linteaminum
736 3135 836 3196 altaris
850 3153 858 3196 ι
874 3142 1004 3198 attamen
1027 3140 1057 3200 S.
1079 3140 1215 3209 Pontifex·

244 3227 314 3289 Pius
330 3229 366 3288 lli
380 3225 454 3286 mihi
468 3223 594 3286 asseruit
608 3243 639 3285 11
655 3223 772 3284 dedisse
789 3223 931 3287 omnibus
946 3228 1025 3308 Epist
1035 3229 1101 3310 opis
1119 3231 1210 3298 facul-

244 3322 335 3378 tatem
348 3313 507 3395 delegandi
526 3331 626 3374 meros
640 3313 809 3375 sacerdotes
824 3333 878 3395 pro
893 3314 1108 3382 benedicendis
1122 3326 1211 3388 sacris

242 3405 424 3489 paramentis
437 3409 468 3466 et
481 3403 704 3465 linteaminibus
719 3403 829 3465 aitaris.
848 3403 931 3466 ldem
952 3405 989 3468 de
1005 3409 1211 3479 benedictione

242 3493 427 3558 tabernaculi
441 3511 494 3555 seu
508 3493 620 3555 vasculi
640 3511 694 3574 pro
710 3493 904 3556 sacrosancta
928 3495 1114 3562 bucharisaa
1135 3519 1210 3566 con-

242 3583 492 3658 servandarum
507 3583 617 3657 crucis,
634 3583 813 3664 imaginum,
828 3601 986 3666 capsarum
999 3605 1054 3669 pro
1065 3589 1207 3672 reliquiis,

234 3693 405 3754 armorum,
421 3675 520 3750 ensis,
535 3675 633 3736 vexilli
655 3674 772 3748 bertier,
790 3672 870 3734 idem
888 3673 926 3737 de
947 3675 1157 3745 benedictione
1176 3691 1207 3747 et
