2590 4208
512 319 598 365 nam
619 321 752 368 renatus.
1105 309 1151 372 39·
1198 290 1202 296 ’

154 457 237 518 esre,
251 439 382 502 servatis
394 438 545 501 omnibus
561 456 578 500 a
593 436 677 502 dicto
693 437 834 502 Concilio
849 440 1051 522 praescriptis.
1076 443 1149 506 blo·
1275 387 1277 540 ἱ

150 529 246 592 nialis
260 537 365 592 autem
382 547 512 591 causam
525 526 691 591 Ordinatio
717 547 823 592 coram
844 530 940 592 simul
958 548 994 592 ac
1009 531 1148 597 Praelato·
1276 559 1277 564 ¹

149 619 310 682 deducere
325 617 433 694 debet,
447 619 473 680 si
490 618 530 679 sit
544 625 706 699 exempta;
721 636 810 681 secus
821 618 1022 682 solummodo
1033 639 1144 685 coram

149 707 328 772 Ordinatio.
364 707 538 789 specialem
585 708 776 789 procedendi
810 708 941 772 modum
972 713 1137 774 constituit

149 797 267 860 bened.
291 796 363 860 XIV
373 805 473 860 const.
488 796 598 860 Oetam
613 797 800 871 dominibus,
817 817 891 860 cum
906 799 1144 864 interventione

150 887 324 950 defensoris
340 885 572 966 professionum
584 904 622 948 ex
637 887 766 956 officio„
869 893 872 900 ’

195 975 275 1037 lntra
290 974 547 1056 quinquennium
562 993 656 1037 causa
670 974 717 1038 est
731 973 914 1050 deferenda,
929 974 1044 1038 saltem
1058 977 1083 1039 si
1098 979 1141 1039 de

150 1065 344 1148 professione
358 1065 491 1127 solemni
507 1078 627 1144 agatur.
647 1065 718 1128 Post
742 1072 847 1128 tamen
865 1065 1141 1146 quinquennium,

149 1154 285 1219 obtineri
303 1162 404 1235 posset
432 1153 633 1234 aliquandoa
655 1152 685 1217 S.
709 1151 788 1216 Sede
802 1153 994 1218 beneficium
1014 1155 1136 1217 restitn-

149 1247 241 1308 ticn‘s
262 1245 295 1306 ic
320 1240 482 1323 integrum,
511 1244 541 1305 vi
570 1245 671 1322 cujus,
695 1263 750 1326 per
773 1244 1001 1324 exceptionem,
1031 1263 1137 1306 causa·

152 1335 258 1398 adhuc
280 1334 416 1414 judicari
445 1342 559 1416 posset.
591 1333 711 1418 (ibes
737 1335 973 1411 commcccutc's,
1000 1333 1041 1396 ni·
1062 1334 1142 1397 tot--

593 1550 608 1630 5
636 1551 685 1612 xxx.

198 1695 241 1756 De
261 1693 435 1776 quibusdam
455 1696 629 1776 specialibus
649 1697 811 1760 conflictui
829 1706 881 1756 nat
897 1697 1078 1778 professioni

545 1808 734 1872 monialium.

192 1963 262 2022 975.
289 1964 319 2021 l⁰
342 1959 565 2022 Examinandae
588 1967 663 2021 sunt
684 1958 725 2020 ab
739 1957 905 2022 Ordinatio
921 1957 1032 2040 puellae
1051 1966 1128 2019 ante

153 2048 383 2130 susceptionem
398 2047 525 2109 habitus
535 2047 673 2127 religiosi
683 2054 714 2109 et
725 2047 948 2128 professionem
957 2067 966 2124 ;
981 2048 1026 2110 sie
1036 2049 1122 2108 enirn

152 2139 249 2202 habet
263 2137 400 2220 Trident.
418 2154 492 2198 sess
509 2135 601 2212 XXV,
614 2155 642 2200 c.
660 2140 708 2211 l'l,
725 2135 923 2218 Dcreqnlar.
943 2155 951 2199 :
979 2160 994 2196 c
1015 2136 1046 2200 S,
1065 2137 1125 2218 Sy-

151 2247 168 2286 »
191 2223 295 2290 nodus
315 2224 424 2305 statuit
445 2232 539 2306 atque
560 2224 699 2288 decernit
714 2233 749 2288 ut
763 2227 788 2288 si
804 2225 929 2308 puella,
946 2246 1016 2308 quae
1031 2225 1120 2288 habi·

152 2341 166 2373 »
192 2323 260 2378 tum
282 2313 457 2394 regularem
479 2313 637 2394 suscipere
652 2315 809 2392 voluerit,
834 2315 934 2398 major
957 2315 1123 2378 duodecim

152 2427 166 2464 a
192 2405 285 2468 annis
298 2403 336 2466 sit
353 2402 476 2484 (hodie,
493 2421 530 2465 ex
546 2403 671 2466 decreto
686 2403 716 2466 S.
734 2405 886 2486 Congreg.
903 2405 1006 2484 Episc.
1025 2416 1056 2466 et
1070 2423 1120 2466 re-

152 2517 166 2552 »
191 2493 293 2574 gular.
310 2541 318 2568 ,
339 2492 440 2573 maior
458 2491 639 2572 quindecim
654 2493 777 2573 annis),
798 2511 861 2554 non
878 2501 950 2554 ante
965 2513 1038 2554 curn
1054 2512 1121 2556 sus·

151 2606 165 2640 x
191 2583 298 2664 cipiet,
315 2599 372 2644 nec
387 2589 493 2662 postea
518 2581 584 2660 ipsa
605 2580 653 2642 vel
672 2579 733 2642 alia
753 2579 975 2661 professionem
999 2582 1120 2643 emittat

151 2693 166 2730 c
190 2690 287 2753 quam
299 2669 508 2751 exploraverit
522 2669 697 2751 Episcopus
712 2669 773 2751 (vel
788 2687 825 2732 eo
840 2669 979 2745 absente,
998 2670 1042 2730 vel
1057 2671 1122 2732 im·

151 2784 165 2818 a
191 2759 307 2842 pedito‚
323 2759 390 2840 ejus
406 2757 562 2832 vicarius,
583 2767 638 2820 aut
652 2757 778 2838 aliquis,
793 2777 903 2822 eorum
928 2759 1116 2838 sumptibus,

151 2874 165 2909 c
191 2849 232 2912 ab
252 2849 297 2910 eis
319 2846 499 2928 deputatus)
521 2847 649 2924 virginis
669 2847 862 2910 voluntatem
875 2847 1059 2925 diligenter,
1078 2866 1117 2910 an

151 2963 165 2998 s
190 2946 309 3013 coacta,
326 2955 364 3000 an
382 2935 508 2998 seducta
524 2937 574 3009 sit,
589 2953 629 2996 an
643 2936 719 2996 sciat
732 2935 808 3015 quid
824 2953 910 3015 agar;
924 2943 954 2996 et
968 2937 992 2996 si
1010 2935 1121 2998 volun·

152 3053 165 3084 a
190 3035 236 3090 tas
250 3027 316 3106 ejus
334 3026 383 3108 pia
400 3043 435 3086 ac
449 3023 549 3086 libera
564 3025 687 3104 cognita
704 3023 807 3099 fuerit,
823 3023 1032 3104 habueritque
1046 3043 1117 3086 con-

151 3143 165 3174 »
190 3117 325 3180 ditiones
339 3114 522 3195 requisitas,
535 3113 624 3192 iuxta
641 3115 820 3176 monasterii
842 3113 928 3175 illius
942 3122 972 3175 et
994 3112 1120 3176 Ordinis

150 3232 165 3265 a
190 3205 344 3284 regulam,
359 3221 483 3264 necnon
500 3203 725 3264 monasterium
739 3202 832 3266 fuerit
847 3201 1009 3276 idoneum,
1021 3201 1120 3265 libere

150 3321 165 3354 a
190 3296 218 3359 ei
235 3293 373 3375 profiteri
391 3292 490 3352 liceat.
510 3289 605 3370 Cujus
614 3289 815 3372 professionis
830 3299 965 3370 tempus,
982 3309 1022 3351 ne
1036 3291 1125 3371 Epis

150 3409 163 3444 s
190 3401 288 3466 copus
310 3383 449 3460 ignoret,
474 3388 615 3440 teneatur
634 3379 778 3441 Praefecta
799 3397 871 3440 eum
887 3388 959 3440 ante
979 3399 1116 3442 mensem

150 3498 164 3531 s
189 3473 354 3536 certiorem
369 3471 480 3530 lacere.
498 3466 586 3541 Quod
602 3468 624 3528 si
641 3466 786 3529 Praefecta
803 3468 966 3530 certiorem
987 3469 1117 3550 Episco-

149 3586 164 3622 υ
189 3580 266 3645 pum
289 3576 352 3621 non
372 3557 498 3630 fecerit,
523 3554 675 3636 quamdiu
696 3555 852 3638 Episcopo
873 3557 1051 3634 videbitur,
1077 3557 1119 3620 ab

148 3673 165 3711 s
189 3649 293 3714 officio
307 3663 457 3727 suspensa
470 3643 519 3707 sit.
540 3666 555 3703 x
1007 3721 1009 3724 Ι

190 3739 274 3802 lnfra
296 3733 476 3817 quindecim
498 3731 581 3808 dies,
605 3740 772 3814 postquam
796 3733 891 3797 fuerit
913 3734 1115 3810 admonitus,

150 3825 297 3912 praefatas
318 3822 550 3904 explorationes
572 3820 673 3884 facere
695 3820 789 3884 debet
809 3823 1004 3904 Episcopus,
1030 3822 1130 3898 iuxta.

151 3918 256 3982 Consi.
270 3913 301 3976 S.
316 3910 362 3972 Pii
377 3913 413 3987 V,
429 3913 465 3972 16
479 3909 552 3970 maii
569 3914 696 3988 monet
706 3910 737 3972 id
753 3910 792 3972 ad
806 3921 904 3973 crates
920 3914 1114 4050 monaqqqrii,
