<?xml version="1.0" encoding="UTF-8"?>
<!DOCTYPE html PUBLIC "-//W3C//DTD XHTML 1.0 Transitional//EN"
    "http://www.w3.org/TR/xhtml1/DTD/xhtml1-transitional.dtd">
<html xmlns="http://www.w3.org/1999/xhtml" xml:lang="en" lang="en">
 <head>
  <title>
</title>
<meta http-equiv="Content-Type" content="text/html;charset=utf-8" />
  <meta name='ocr-system' content='tesseract 3.04.00' />
  <meta name='ocr-capabilities' content='ocr_page ocr_carea ocr_par ocr_line ocrx_word'/>
</head>
<body>
  <div class='ocr_page' id='page_1' title='image "./elementajurisca00craigoog_0446.png"; bbox 0 0 2618 4212; ppageno 0'>
   <div class='ocr_carea' id='block_1_1' title="bbox 544 293 1114 354">
    <p class='ocr_par' dir='ltr' id='par_1_1' title="bbox 544 293 1114 354">
     <span class='ocr_line' id='line_1_1' title="bbox 544 293 1114 354; baseline 0.007 -15"><span class='ocrx_word' id='word_1_1' title='bbox 544 293 703 343; x_wconf 75' lang='lat' dir='ltr'><strong>urrerem.</strong></span> <span class='ocrx_word' id='word_1_2' title='bbox 1057 294 1114 354; x_wconf 64' lang='grc' dir='ltr'><strong>με</strong></span> 
     </span>
    </p>
   </div>
   <div class='ocr_carea' id='block_1_2' title="bbox 104 404 1114 756">
    <p class='ocr_par' dir='ltr' id='par_1_2' title="bbox 104 404 1114 756">
     <span class='ocr_line' id='line_1_2' title="bbox 126 404 1110 500; baseline 0.016 -29"><span class='ocrx_word' id='word_1_3' title='bbox 126 410 256 492; x_wconf 58' lang='lat' dir='ltr'><strong>terrear.</strong></span> <span class='ocrx_word' id='word_1_4' title='bbox 270 404 517 484; x_wconf 66' lang='lat' dir='ltr'><strong>mcccxxxv,</strong></span> <span class='ocrx_word' id='word_1_5' title='bbox 531 408 661 474; x_wconf 87' lang='lat' dir='ltr'><strong>uberius</strong></span> <span class='ocrx_word' id='word_1_6' title='bbox 675 409 834 492; x_wconf 81' lang='lat' dir='ltr'><strong>explicare</strong></span> <span class='ocrx_word' id='word_1_7' title='bbox 843 421 953 481; x_wconf 90' lang='lat' dir='ltr'><strong>etcum</strong></span> <span class='ocrx_word' id='word_1_8' title='bbox 967 437 1110 500; x_wconf 83' lang='lat' dir='ltr'><strong>assensu,</strong></span> 
     </span>
     <span class='ocr_line' id='line_1_3' title="bbox 104 494 1112 592; baseline 0.017 -34"><span class='ocrx_word' id='word_1_9' title='bbox 104 550 111 592; x_wconf 29' lang='grc' dir='ltr'>κ</span> <span class='ocrx_word' id='word_1_10' title='bbox 129 505 161 559; x_wconf 89' lang='lat' dir='ltr'><strong>et</strong></span> <span class='ocrx_word' id='word_1_11' title='bbox 174 495 405 578; x_wconf 80' lang='lat' dir='ltr'><strong>approbatione</strong></span> <span class='ocrx_word' id='word_1_12' title='bbox 418 494 449 558; x_wconf 82' lang='lat' dir='ltr'><strong>S.</strong></span> <span class='ocrx_word' id='word_1_13' title='bbox 467 495 503 558; x_wconf 88' lang='lat' dir='ltr'><strong>D.</strong></span> <span class='ocrx_word' id='word_1_14' title='bbox 522 495 561 559; x_wconf 86' lang='lat' dir='ltr'><strong>N.</strong></span> <span class='ocrx_word' id='word_1_15' title='bbox 584 495 725 580; x_wconf 76' lang='lat' dir='ltr'><strong>Gregorii</strong></span> <span class='ocrx_word' id='word_1_16' title='bbox 739 499 943 577; x_wconf 75' lang='lat' dir='ltr'><strong>XVLiterotu</strong></span> <span class='ocrx_word' id='word_1_17' title='bbox 963 513 1112 591; x_wconf 87' lang='lat' dir='ltr'><strong>promul·</strong></span> 
     </span>
     <span class='ocr_line' id='line_1_4' title="bbox 126 582 1114 668; baseline 0.017 -23"><span class='ocrx_word' id='word_1_18' title='bbox 126 582 489 665; x_wconf 64' lang='lat' dir='ltr'><strong>gareutebomnibus,</strong></span> <span class='ocrx_word' id='word_1_19' title='bbox 505 583 545 646; x_wconf 83' lang='lat' dir='ltr'><strong>ad.</strong></span> <span class='ocrx_word' id='word_1_20' title='bbox 559 602 641 666; x_wconf 89' lang='lat' dir='ltr'><strong>quos</strong></span> <span class='ocrx_word' id='word_1_21' title='bbox 667 587 837 668; x_wconf 85' lang='lat' dir='ltr'><strong>pertinent,</strong></span> <span class='ocrx_word' id='word_1_22' title='bbox 872 597 1114 662; x_wconf 87' lang='lat' dir='ltr'><strong>accuratissime</strong></span> 
     </span>
     <span class='ocr_line' id='line_1_5' title="bbox 129 670 808 756; baseline 0.01 -23"><span class='ocrx_word' id='word_1_23' title='bbox 129 678 307 734; x_wconf 85' lang='lat' dir='ltr'><strong>servantur.</strong></span> <span class='ocrx_word' id='word_1_24' title='bbox 323 670 404 736; x_wconf 89' lang='lat' dir='ltr'><strong>Sunt</strong></span> <span class='ocrx_word' id='word_1_25' title='bbox 414 679 521 735; x_wconf 87' lang='lat' dir='ltr'><strong>autem</strong></span> <span class='ocrx_word' id='word_1_26' title='bbox 536 691 607 756; x_wconf 79' lang='lat' dir='ltr'><strong>quae</strong></span> <span class='ocrx_word' id='word_1_27' title='bbox 621 683 808 756; x_wconf 84' lang='lat' dir='ltr'><strong>sequuntur.</strong></span> 
     </span>
    </p>
   </div>
   <div class='ocr_carea' id='block_1_3' title="bbox 128 785 1112 966">
    <p class='ocr_par' dir='ltr' id='par_1_3' title="bbox 128 785 1112 966">
     <span class='ocr_line' id='line_1_6' title="bbox 170 785 1110 878; baseline 0.019 -30"><span class='ocrx_word' id='word_1_28' title='bbox 170 785 194 848; x_wconf 92' lang='grc' dir='ltr'><strong>Ι.</strong></span> <span class='ocrx_word' id='word_1_29' title='bbox 211 819 248 833; x_wconf 93' lang='grc'><strong>-</strong></span> <span class='ocrx_word' id='word_1_30' title='bbox 259 785 463 850; x_wconf 86' lang='lat' dir='ltr'><strong>ReisaCuriis</strong></span> <span class='ocrx_word' id='word_1_31' title='bbox 477 787 713 870; x_wconf 84' lang='lat' dir='ltr'><strong>episcopalibus</strong></span> <span class='ocrx_word' id='word_1_32' title='bbox 725 791 1110 878; x_wconf 81' lang='lat' dir='ltr'><strong>criminaiijudiciedam-</strong></span> 
     </span>
     <span class='ocr_line' id='line_1_7' title="bbox 128 872 1112 966; baseline 0.019 -30"><span class='ocrx_word' id='word_1_33' title='bbox 128 872 211 938; x_wconf 87' lang='lat' dir='ltr'><strong>uatis</strong></span> <span class='ocrx_word' id='word_1_34' title='bbox 230 874 367 957; x_wconf 88' lang='lat' dir='ltr'><strong>spatium</strong></span> <span class='ocrx_word' id='word_1_35' title='bbox 382 874 507 938; x_wconf 90' lang='lat' dir='ltr'><strong>dierum</strong></span> <span class='ocrx_word' id='word_1_36' title='bbox 522 875 632 940; x_wconf 85' lang='lat' dir='ltr'><strong>decem</strong></span> <span class='ocrx_word' id='word_1_37' title='bbox 658 878 856 958; x_wconf 80' lang='lat' dir='ltr'><strong>conceditur,</strong></span> <span class='ocrx_word' id='word_1_38' title='bbox 870 887 972 966; x_wconf 86' lang='lat' dir='ltr'><strong>quoad</strong></span> <span class='ocrx_word' id='word_1_39' title='bbox 989 885 1021 954; x_wconf 86' lang='lat' dir='ltr'><strong>S.</strong></span> <span class='ocrx_word' id='word_1_40' title='bbox 1034 889 1112 954; x_wconf 86' lang='lat' dir='ltr'><strong>Con-</strong></span> 
     </span>
    </p>
   </div>
   <div class='ocr_carea' id='block_1_4' title="bbox 126 961 1111 1131">
    <p class='ocr_par' dir='ltr' id='par_1_4' title="bbox 126 961 1111 1131">
     <span class='ocr_line' id='line_1_8' title="bbox 128 961 1111 1114; baseline 0.02 -90"><span class='ocrx_word' id='word_1_41' title='bbox 128 963 342 1114; x_wconf 58' lang='lat' dir='ltr'><strong>gregetitoncm</strong></span> <span class='ocrx_word' id='word_1_42' title='bbox 379 961 610 1046; x_wconf 83' lang='lat' dir='ltr'><strong>Episcoporum</strong></span> <span class='ocrx_word' id='word_1_43' title='bbox 645 973 676 1030; x_wconf 86' lang='lat' dir='ltr'><strong>ct</strong></span> <span class='ocrx_word' id='word_1_44' title='bbox 717 967 920 1052; x_wconf 83' lang='lat' dir='ltr'><strong>Regularium</strong></span> <span class='ocrx_word' id='word_1_45' title='bbox 950 978 1111 1058; x_wconf 82' lang='lat' dir='ltr'><strong>appellare</strong></span> 
     </span>
     <span class='ocr_line' id='line_1_9' title="bbox 126 1069 263 1131; baseline 0 -18"><span class='ocrx_word' id='word_1_46' title='bbox 126 1069 263 1131; x_wconf 89' lang='lat' dir='ltr'><strong>possm.</strong></span> 
     </span>
    </p>
   </div>
   <div class='ocr_carea' id='block_1_5' title="bbox 126 1165 1110 1424">
    <p class='ocr_par' dir='ltr' id='par_1_5' title="bbox 126 1165 1110 1424">
     <span class='ocr_line' id='line_1_10' title="bbox 168 1165 1110 1262; baseline 0.019 -34"><span class='ocrx_word' id='word_1_47' title='bbox 168 1165 206 1229; x_wconf 90' lang='lat'><strong>11.</strong></span> <span class='ocrx_word' id='word_1_48' title='bbox 222 1165 387 1229; x_wconf 87' lang='lat' dir='ltr'><strong>-Decem</strong></span> <span class='ocrx_word' id='word_1_49' title='bbox 408 1165 476 1229; x_wconf 90' lang='lat' dir='ltr'><strong>dics</strong></span> <span class='ocrx_word' id='word_1_50' title='bbox 490 1167 652 1231; x_wconf 85' lang='lat' dir='ltr'><strong>numerari</strong></span> <span class='ocrx_word' id='word_1_51' title='bbox 670 1167 823 1251; x_wconf 81' lang='lat' dir='ltr'><strong>incipient</strong></span> <span class='ocrx_word' id='word_1_52' title='bbox 844 1190 907 1237; x_wconf 89' lang='lat' dir='ltr'><strong>non</strong></span> <span class='ocrx_word' id='word_1_53' title='bbox 933 1193 951 1238; x_wconf 83' lang='lat' dir='ltr'><strong>a</strong></span> <span class='ocrx_word' id='word_1_54' title='bbox 975 1177 1026 1242; x_wconf 86' lang='lat' dir='ltr'><strong>die</strong></span> <span class='ocrx_word' id='word_1_55' title='bbox 1043 1199 1110 1262; x_wconf 87' lang='lat' dir='ltr'><strong>quo</strong></span> 
     </span>
     <span class='ocr_line' id='line_1_11' title="bbox 126 1253 1108 1342; baseline 0.015 -24"><span class='ocrx_word' id='word_1_56' title='bbox 126 1253 283 1318; x_wconf 89' lang='lat' dir='ltr'><strong>sententia</strong></span> <span class='ocrx_word' id='word_1_57' title='bbox 297 1254 361 1317; x_wconf 87' lang='lat' dir='ltr'><strong>lata</strong></span> <span class='ocrx_word' id='word_1_58' title='bbox 375 1263 431 1326; x_wconf 80' lang='lat' dir='ltr'><strong>est,</strong></span> <span class='ocrx_word' id='word_1_59' title='bbox 448 1254 535 1318; x_wconf 87' lang='lat' dir='ltr'><strong>seda</strong></span> <span class='ocrx_word' id='word_1_60' title='bbox 559 1254 611 1319; x_wconf 77' lang='lat' dir='ltr'><strong>dio</strong></span> <span class='ocrx_word' id='word_1_61' title='bbox 625 1275 690 1339; x_wconf 87' lang='lat' dir='ltr'><strong>qno</strong></span> <span class='ocrx_word' id='word_1_62' title='bbox 704 1276 759 1322; x_wconf 88' lang='lat' dir='ltr'><strong>reo</strong></span> <span class='ocrx_word' id='word_1_63' title='bbox 782 1259 833 1324; x_wconf 86' lang='lat' dir='ltr'><strong>vei</strong></span> <span class='ocrx_word' id='word_1_64' title='bbox 860 1261 929 1342; x_wconf 86' lang='lat' dir='ltr'><strong>ejus</strong></span> <span class='ocrx_word' id='word_1_65' title='bbox 953 1265 1108 1334; x_wconf 81' lang='lat' dir='ltr'><strong>defensori</strong></span> 
     </span>
     <span class='ocr_line' id='line_1_12' title="bbox 127 1340 677 1424; baseline 0.005 -20"><span class='ocrx_word' id='word_1_66' title='bbox 127 1340 364 1424; x_wconf 76' lang='lat' dir='ltr'><strong>percurrerem</strong></span> <span class='ocrx_word' id='word_1_67' title='bbox 379 1341 572 1406; x_wconf 85' lang='lat' dir='ltr'><strong>denunciata</strong></span> <span class='ocrx_word' id='word_1_68' title='bbox 587 1340 655 1408; x_wconf 84' lang='lat' dir='ltr'><strong>tuit.</strong></span> <span class='ocrx_word' id='word_1_69' title='bbox 676 1404 677 1407; x_wconf 74' lang='grc'>,</span> 
     </span>
    </p>
   </div>
   <div class='ocr_carea' id='block_1_6' title="bbox 126 1462 1109 1702">
    <p class='ocr_par' dir='ltr' id='par_1_6' title="bbox 126 1462 1109 1702">
     <span class='ocr_line' id='line_1_13' title="bbox 167 1462 1109 1556; baseline 0.013 -29"><span class='ocrx_word' id='word_1_70' title='bbox 167 1462 219 1528; x_wconf 88' lang='lat'><em>111.</em></span> <span class='ocrx_word' id='word_1_71' title='bbox 235 1463 331 1528; x_wconf 84' lang='lat' dir='ltr'><strong>-Eo</strong></span> <span class='ocrx_word' id='word_1_72' title='bbox 351 1473 493 1547; x_wconf 86' lang='lat' dir='ltr'><strong>tempore</strong></span> <span class='ocrx_word' id='word_1_73' title='bbox 519 1464 638 1548; x_wconf 83' lang='lat' dir='ltr'><strong>elapso,</strong></span> <span class='ocrx_word' id='word_1_74' title='bbox 653 1467 812 1550; x_wconf 84' lang='lat' dir='ltr'><strong>quiereus</strong></span> <span class='ocrx_word' id='word_1_75' title='bbox 827 1471 873 1536; x_wconf 85' lang='lat' dir='ltr'><strong>vet</strong></span> <span class='ocrx_word' id='word_1_76' title='bbox 884 1473 952 1556; x_wconf 90' lang='lat' dir='ltr'><strong>ejus</strong></span> <span class='ocrx_word' id='word_1_77' title='bbox 962 1473 1109 1539; x_wconf 76' lang='lat' dir='ltr'><strong>defensor</strong></span> 
     </span>
     <span class='ocr_line' id='line_1_14' title="bbox 126 1552 1108 1702; baseline 0.014 -88"><span class='ocrx_word' id='word_1_78' title='bbox 126 1552 344 1702; x_wconf 54' lang='lat' dir='ltr'><strong>pppellarerit,</strong></span> <span class='ocrx_word' id='word_1_79' title='bbox 364 1552 461 1616; x_wconf 88' lang='lat' dir='ltr'><strong>iatam</strong></span> <span class='ocrx_word' id='word_1_80' title='bbox 482 1570 501 1616; x_wconf 83' lang='lat' dir='ltr'><strong>a</strong></span> <span class='ocrx_word' id='word_1_81' title='bbox 521 1571 554 1616; x_wconf 90' lang='lat' dir='ltr'><strong>se</strong></span> <span class='ocrx_word' id='word_1_82' title='bbox 569 1557 758 1657; x_wconf 82' lang='lat' dir='ltr'><strong>sententiam</strong></span> <span class='ocrx_word' id='word_1_83' title='bbox 784 1560 960 1644; x_wconf 78' lang='lat' dir='ltr'><strong>Episcopus</strong></span> <span class='ocrx_word' id='word_1_84' title='bbox 994 1581 1108 1646; x_wconf 87' lang='lat' dir='ltr'><strong>soque-</strong></span> 
     </span>
    </p>
   </div>
   <div class='ocr_carea' id='block_1_7' title="bbox 120 1753 1170 2454">
    <p class='ocr_par' dir='ltr' id='par_1_7' title="bbox 122 1753 1170 2018">
     <span class='ocr_line' id='line_1_15' title="bbox 165 1753 1105 1842; baseline 0.015 -26"><span class='ocrx_word' id='word_1_85' title='bbox 165 1753 219 1817; x_wconf 85' lang='lat' dir='ltr'><strong>tv.</strong></span> <span class='ocrx_word' id='word_1_86' title='bbox 238 1785 275 1802; x_wconf 93' lang='lat'><strong>-·</strong></span> <span class='ocrx_word' id='word_1_87' title='bbox 288 1753 562 1835; x_wconf 84' lang='lat' dir='ltr'><strong>Interposituintra</strong></span> <span class='ocrx_word' id='word_1_88' title='bbox 577 1754 687 1820; x_wconf 89' lang='lat' dir='ltr'><strong>decem</strong></span> <span class='ocrx_word' id='word_1_89' title='bbox 698 1757 991 1842; x_wconf 88' lang='lat' dir='ltr'><strong>diesappellatione</strong></span> <span class='ocrx_word' id='word_1_90' title='bbox 1012 1761 1105 1830; x_wconf 81' lang='lat' dir='ltr'><strong>Curia</strong></span> 
     </span>
     <span class='ocr_line' id='line_1_16' title="bbox 124 1841 1170 1926; baseline 0.02 -22"><span class='ocrx_word' id='word_1_91' title='bbox 124 1841 317 1924; x_wconf 77' lang='lat' dir='ltr'><strong>Episcopalis</strong></span> <span class='ocrx_word' id='word_1_92' title='bbox 338 1853 406 1906; x_wconf 85' lang='lat' dir='ltr'><strong>acta</strong></span> <span class='ocrx_word' id='word_1_93' title='bbox 425 1843 619 1926; x_wconf 82' lang='lat' dir='ltr'><strong>autographa</strong></span> <span class='ocrx_word' id='word_1_94' title='bbox 645 1845 742 1910; x_wconf 84' lang='lat' dir='ltr'><strong>totius</strong></span> <span class='ocrx_word' id='word_1_95' title='bbox 763 1866 866 1913; x_wconf 83' lang='lat' dir='ltr'><strong>ceusae</strong></span> <span class='ocrx_word' id='word_1_96' title='bbox 892 1851 933 1914; x_wconf 92' lang='lat' dir='ltr'><strong>ad</strong></span> <span class='ocrx_word' id='word_1_97' title='bbox 967 1850 999 1916; x_wconf 86' lang='lat' dir='ltr'><strong>S.</strong></span> <span class='ocrx_word' id='word_1_98' title='bbox 1017 1851 1105 1919; x_wconf 85' lang='lat' dir='ltr'><strong>Con-</strong></span> <span class='ocrx_word' id='word_1_99' title='bbox 1164 1916 1170 1925; x_wconf 94' lang='lat'><strong><em>.</em></strong></span> 
     </span>
     <span class='ocr_line' id='line_1_17' title="bbox 122 1931 878 2018; baseline 0.012 -26"><span class='ocrx_word' id='word_1_100' title='bbox 122 1931 337 2012; x_wconf 80' lang='lat' dir='ltr'><strong>gregationem</strong></span> <span class='ocrx_word' id='word_1_101' title='bbox 351 1931 504 1994; x_wconf 89' lang='lat' dir='ltr'><strong>continuo</strong></span> <span class='ocrx_word' id='word_1_102' title='bbox 517 1933 721 2008; x_wconf 80' lang='lat' dir='ltr'><strong>transmittat,</strong></span> <span class='ocrx_word' id='word_1_103' title='bbox 736 1953 852 2018; x_wconf 87' lang='lat' dir='ltr'><strong>nempe</strong></span> <span class='ocrx_word' id='word_1_104' title='bbox 869 1956 878 2001; x_wconf 77' lang='grc' dir='ltr'><strong>ε</strong></span> 
     </span>
    </p>

    <p class='ocr_par' dir='ltr' id='par_1_8' title="bbox 163 2019 866 2103">
     <span class='ocr_line' id='line_1_18' title="bbox 163 2019 866 2103; baseline 0.009 -22"><span class='ocrx_word' id='word_1_105' title='bbox 163 2025 192 2081; x_wconf 86' lang='lat' dir='ltr'><strong>t.</strong></span> <span class='ocrx_word' id='word_1_106' title='bbox 203 2019 385 2084; x_wconf 82' lang='lat' dir='ltr'><strong>Processum</strong></span> <span class='ocrx_word' id='word_1_107' title='bbox 396 2020 500 2100; x_wconf 85' lang='lat' dir='ltr'><strong>ipsum</strong></span> <span class='ocrx_word' id='word_1_108' title='bbox 514 2019 548 2082; x_wconf 87' lang='lat' dir='ltr'><strong>in</strong></span> <span class='ocrx_word' id='word_1_109' title='bbox 565 2019 658 2084; x_wconf 78' lang='lat' dir='ltr'><strong>Curia</strong></span> <span class='ocrx_word' id='word_1_110' title='bbox 669 2020 866 2103; x_wconf 69' lang='lat' dir='ltr'><strong>confectum</strong></span> 
     </span>
    </p>

    <p class='ocr_par' dir='ltr' id='par_1_9' title="bbox 120 2105 1102 2282">
     <span class='ocr_line' id='line_1_19' title="bbox 161 2105 1102 2195; baseline 0.01 -26"><span class='ocrx_word' id='word_1_111' title='bbox 161 2105 191 2169; x_wconf 81' lang='lat'><strong>2.</strong></span> <span class='ocrx_word' id='word_1_112' title='bbox 210 2107 281 2189; x_wconf 80' lang='lat' dir='ltr'><strong>Ejus</strong></span> <span class='ocrx_word' id='word_1_113' title='bbox 296 2108 486 2181; x_wconf 72' lang='lat' dir='ltr'><strong>restrictum,</strong></span> <span class='ocrx_word' id='word_1_114' title='bbox 502 2125 557 2170; x_wconf 86' lang='lat' dir='ltr'><strong>seu</strong></span> <span class='ocrx_word' id='word_1_115' title='bbox 573 2110 844 2190; x_wconf 84' lang='lat' dir='ltr'><strong>compendiariam</strong></span> <span class='ocrx_word' id='word_1_116' title='bbox 869 2113 1102 2195; x_wconf 76' lang='lat' dir='ltr'><strong>expositionem</strong></span> 
     </span>
     <span class='ocr_line' id='line_1_20' title="bbox 120 2195 877 2282; baseline 0.005 -24"><span class='ocrx_word' id='word_1_117' title='bbox 120 2213 244 2271; x_wconf 89' lang='lat' dir='ltr'><strong>eorum,</strong></span> <span class='ocrx_word' id='word_1_118' title='bbox 259 2214 331 2278; x_wconf 86' lang='lat' dir='ltr'><strong>quae</strong></span> <span class='ocrx_word' id='word_1_119' title='bbox 343 2214 380 2258; x_wconf 82' lang='lat' dir='ltr'><strong>er</strong></span> <span class='ocrx_word' id='word_1_120' title='bbox 395 2195 509 2259; x_wconf 85' lang='lat' dir='ltr'><strong>eedem</strong></span> <span class='ocrx_word' id='word_1_121' title='bbox 521 2211 671 2276; x_wconf 88' lang='lat' dir='ltr'><strong>processu</strong></span> <span class='ocrx_word' id='word_1_122' title='bbox 687 2207 877 2282; x_wconf 75' lang='lat' dir='ltr'><strong>emergunt3</strong></span> 
     </span>
    </p>

    <p class='ocr_par' dir='ltr' id='par_1_10' title="bbox 159 2283 745 2367">
     <span class='ocr_line' id='line_1_21' title="bbox 159 2283 745 2367; baseline 0.005 -20"><span class='ocrx_word' id='word_1_123' title='bbox 159 2285 189 2346; x_wconf 81' lang='lat'><strong>3.</strong></span> <span class='ocrx_word' id='word_1_124' title='bbox 208 2283 415 2347; x_wconf 79' lang='lat' dir='ltr'><strong>Defensiones</strong></span> <span class='ocrx_word' id='word_1_125' title='bbox 429 2301 487 2366; x_wconf 91' lang='lat' dir='ltr'><strong>pro</strong></span> <span class='ocrx_word' id='word_1_126' title='bbox 503 2300 556 2347; x_wconf 91' lang='lat' dir='ltr'><strong>reo</strong></span> <span class='ocrx_word' id='word_1_127' title='bbox 570 2283 745 2367; x_wconf 81' lang='lat' dir='ltr'><strong>exhibitas;</strong></span> 
     </span>
    </p>

    <p class='ocr_par' dir='ltr' id='par_1_11' title="bbox 157 2371 689 2454">
     <span class='ocr_line' id='line_1_22' title="bbox 157 2371 689 2454; baseline -0.002 -18"><span class='ocrx_word' id='word_1_128' title='bbox 157 2377 190 2436; x_wconf 79' lang='lat' dir='ltr'><strong>t.</strong></span> <span class='ocrx_word' id='word_1_129' title='bbox 210 2372 351 2454; x_wconf 83' lang='lat' dir='ltr'><strong>Denique</strong></span> <span class='ocrx_word' id='word_1_130' title='bbox 366 2371 555 2436; x_wconf 80' lang='lat' dir='ltr'><strong>sententiam</strong></span> <span class='ocrx_word' id='word_1_131' title='bbox 570 2371 689 2436; x_wconf 82' lang='lat' dir='ltr'><strong>latam·</strong></span> 
     </span>
    </p>
   </div>
   <div class='ocr_carea' id='block_1_8' title="bbox 118 2483 1100 2660">
    <p class='ocr_par' dir='ltr' id='par_1_12' title="bbox 118 2483 1100 2660">
     <span class='ocr_line' id='line_1_23' title="bbox 159 2483 1100 2568; baseline 0.006 -18"><span class='ocrx_word' id='word_1_132' title='bbox 159 2487 197 2551; x_wconf 84' lang='lat' dir='ltr'><strong>V.</strong></span> <span class='ocrx_word' id='word_1_133' title='bbox 213 2485 333 2568; x_wconf 84' lang='lat' dir='ltr'><strong>-lpsa</strong></span> <span class='ocrx_word' id='word_1_134' title='bbox 361 2483 453 2550; x_wconf 81' lang='lat' dir='ltr'><strong>Curia</strong></span> <span class='ocrx_word' id='word_1_135' title='bbox 481 2502 546 2560; x_wconf 85' lang='lat' dir='ltr'><strong>reo,</strong></span> <span class='ocrx_word' id='word_1_136' title='bbox 563 2486 695 2568; x_wconf 72' lang='lat' dir='ltr'><strong>ejusque</strong></span> <span class='ocrx_word' id='word_1_137' title='bbox 708 2487 866 2552; x_wconf 87' lang='lat' dir='ltr'><strong>delensori</strong></span> <span class='ocrx_word' id='word_1_138' title='bbox 879 2487 1100 2556; x_wconf 84' lang='lat' dir='ltr'><strong>denunciabit’</strong></span> 
     </span>
     <span class='ocr_line' id='line_1_24' title="bbox 118 2572 1093 2660; baseline 0.002 -20"><span class='ocrx_word' id='word_1_139' title='bbox 118 2573 632 2660; x_wconf 85' lang='lat' dir='ltr'><strong>appellationemcorameadcmS.</strong></span> <span class='ocrx_word' id='word_1_140' title='bbox 647 2572 1093 2659; x_wconf 75' lang='lat' dir='ltr'><strong>congregationeprosequen-</strong></span> 
     </span>
    </p>
   </div>
   <div class='ocr_carea' id='block_1_9' title="bbox 117 2664 1101 2834">
    <p class='ocr_par' dir='ltr' id='par_1_13' title="bbox 117 2664 1101 2834">
     <span class='ocr_line' id='line_1_25' title="bbox 117 2664 1101 2834; baseline -0.008 -18"><span class='ocrx_word' id='word_1_141' title='bbox 117 2664 193 2816; x_wconf 53' lang='lat' dir='ltr'><strong>dag}</strong></span> <span class='ocrx_word' id='word_1_142' title='bbox 202 2679 296 2814; x_wconf 53' lang='grc' dir='ltr'><strong>ἓὲῗιὸ</strong></span> <span class='ocrx_word' id='word_1_143' title='bbox 311 2755 570 2829; x_wconf 63' lang='lat' dir='ltr'><strong>comparentem</strong></span> <span class='ocrx_word' id='word_1_144' title='bbox 584 2747 610 2810; x_wconf 85' lang='lat' dir='ltr'><strong>si</strong></span> <span class='ocrx_word' id='word_1_145' title='bbox 623 2747 846 2832; x_wconf 85' lang='lat' dir='ltr'><strong>appellationis</strong></span> <span class='ocrx_word' id='word_1_146' title='bbox 854 2758 923 2813; x_wconf 88' lang='lat' dir='ltr'><strong>acta</strong></span> <span class='ocrx_word' id='word_1_147' title='bbox 934 2751 1101 2834; x_wconf 75' lang='lat' dir='ltr'><strong>negligen-¹</strong></span> 
     </span>
    </p>
   </div>
   <div class='ocr_carea' id='block_1_10' title="bbox 115 2835 1097 3169">
    <p class='ocr_par' dir='ltr' id='par_1_14' title="bbox 115 2835 1097 3169">
     <span class='ocr_line' id='line_1_26' title="bbox 117 2835 1097 2920; baseline -0.002 -18"><span class='ocrx_word' id='word_1_148' title='bbox 117 2851 165 2906; x_wconf 87' lang='lat' dir='ltr'><strong>ter</strong></span> <span class='ocrx_word' id='word_1_149' title='bbox 190 2841 238 2902; x_wconf 83' lang='lat' dir='ltr'><strong>vet</strong></span> <span class='ocrx_word' id='word_1_150' title='bbox 265 2835 421 2900; x_wconf 86' lang='lat' dir='ltr'><strong>malitiose</strong></span> <span class='ocrx_word' id='word_1_151' title='bbox 453 2835 692 2919; x_wconf 83' lang='lat' dir='ltr'><strong>protrahentur,</strong></span> <span class='ocrx_word' id='word_1_152' title='bbox 721 2853 900 2917; x_wconf 80' lang='lat' dir='ltr'><strong>congruens</strong></span> <span class='ocrx_word' id='word_1_153' title='bbox 935 2847 1097 2920; x_wconf 86' lang='lat' dir='ltr'><strong>tempusa</strong></span> 
     </span>
     <span class='ocr_line' id='line_1_27' title="bbox 116 2923 1094 3008; baseline -0.006 -13"><span class='ocrx_word' id='word_1_154' title='bbox 116 2929 149 2995; x_wconf 89' lang='lat' dir='ltr'><strong>S.</strong></span> <span class='ocrx_word' id='word_1_155' title='bbox 173 2925 423 3008; x_wconf 83' lang='lat' dir='ltr'><strong>Congregetione</strong></span> <span class='ocrx_word' id='word_1_156' title='bbox 448 2924 654 3007; x_wconf 79' lang='lat' dir='ltr'><strong>praeficietur,</strong></span> <span class='ocrx_word' id='word_1_157' title='bbox 677 2923 763 3006; x_wconf 89' lang='lat' dir='ltr'><strong>quod</strong></span> <span class='ocrx_word' id='word_1_158' title='bbox 790 2923 944 2989; x_wconf 85' lang='lat' dir='ltr'><strong>inutiliter</strong></span> <span class='ocrx_word' id='word_1_159' title='bbox 973 2926 1094 3008; x_wconf 87' lang='lat' dir='ltr'><strong>elapso,</strong></span> 
     </span>
     <span class='ocr_line' id='line_1_28' title="bbox 115 3009 1093 3096; baseline -0.005 -12"><span class='ocrx_word' id='word_1_160' title='bbox 115 3035 212 3084; x_wconf 87' lang='lat' dir='ltr'><strong>causa</strong></span> <span class='ocrx_word' id='word_1_161' title='bbox 226 3015 347 3080; x_wconf 83' lang='lat' dir='ltr'><strong>deserta</strong></span> <span class='ocrx_word' id='word_1_162' title='bbox 363 3020 539 3088; x_wconf 86' lang='lat' dir='ltr'><strong>censeatur,</strong></span> <span class='ocrx_word' id='word_1_163' title='bbox 556 3020 587 3077; x_wconf 89' lang='lat' dir='ltr'><strong>et</strong></span> <span class='ocrx_word' id='word_1_164' title='bbox 602 3012 757 3076; x_wconf 85' lang='lat' dir='ltr'><strong>sententia</strong></span> <span class='ocrx_word' id='word_1_165' title='bbox 777 3009 876 3076; x_wconf 78' lang='lat' dir='ltr'><strong>Curire</strong></span> <span class='ocrx_word' id='word_1_166' title='bbox 895 3013 1093 3096; x_wconf 86' lang='lat' dir='ltr'><strong>Episcopalis</strong></span> 
     </span>
     <span class='ocr_line' id='line_1_29' title="bbox 115 3100 487 3169; baseline -0.019 0"><span class='ocrx_word' id='word_1_167' title='bbox 115 3101 294 3169; x_wconf 83' lang='lat' dir='ltr'><strong>executioni</strong></span> <span class='ocrx_word' id='word_1_168' title='bbox 307 3100 487 3164; x_wconf 88' lang='lat' dir='ltr'><strong>mandetur.</strong></span> 
     </span>
    </p>
   </div>
   <div class='ocr_carea' id='block_1_11' title="bbox 113 3211 1098 3385">
    <p class='ocr_par' dir='ltr' id='par_1_15' title="bbox 113 3211 1098 3385">
     <span class='ocr_line' id='line_1_30' title="bbox 155 3211 1098 3297; baseline -0.005 -14"><span class='ocrx_word' id='word_1_169' title='bbox 155 3217 219 3284; x_wconf 85' lang='lat' dir='ltr'><strong>vlt.</strong></span> <span class='ocrx_word' id='word_1_170' title='bbox 232 3219 352 3292; x_wconf 83' lang='lat' dir='ltr'><strong>-Reo‚</strong></span> <span class='ocrx_word' id='word_1_171' title='bbox 363 3223 418 3278; x_wconf 86' lang='lat' dir='ltr'><strong>out</strong></span> <span class='ocrx_word' id='word_1_172' title='bbox 433 3214 490 3288; x_wconf 85' lang='lat' dir='ltr'><strong>illi,</strong></span> <span class='ocrx_word' id='word_1_173' title='bbox 503 3214 557 3297; x_wconf 86' lang='lat' dir='ltr'><strong>qui</strong></span> <span class='ocrx_word' id='word_1_174' title='bbox 565 3215 632 3293; x_wconf 74' lang='lat' dir='ltr'><strong>cius</strong></span> <span class='ocrx_word' id='word_1_175' title='bbox 640 3211 858 3276; x_wconf 85' lang='lat' dir='ltr'><strong>defensionem</strong></span> <span class='ocrx_word' id='word_1_176' title='bbox 870 3213 1009 3295; x_wconf 83' lang='lat' dir='ltr'><strong>suscepit</strong></span> <span class='ocrx_word' id='word_1_177' title='bbox 1036 3223 1098 3278; x_wconf 87' lang='lat' dir='ltr'><strong>tra-</strong></span> 
     </span>
     <span class='ocr_line' id='line_1_31' title="bbox 113 3300 1095 3385; baseline -0.01 -13"><span class='ocrx_word' id='word_1_178' title='bbox 113 3307 293 3372; x_wconf 87' lang='lat' dir='ltr'><strong>dendusest</strong></span> <span class='ocrx_word' id='word_1_179' title='bbox 300 3302 461 3368; x_wconf 82' lang='lat' dir='ltr'><strong>restrictus</strong></span> <span class='ocrx_word' id='word_1_180' title='bbox 470 3301 710 3385; x_wconf 88' lang='lat' dir='ltr'><strong>processus,qui</strong></span> <span class='ocrx_word' id='word_1_181' title='bbox 720 3319 738 3362; x_wconf 95' lang='lat' dir='ltr'><strong>a</strong></span> <span class='ocrx_word' id='word_1_182' title='bbox 750 3300 858 3380; x_wconf 88' lang='lat' dir='ltr'><strong>judice</strong></span> <span class='ocrx_word' id='word_1_183' title='bbox 873 3300 1008 3364; x_wconf 87' lang='lat' dir='ltr'><strong>relatore</strong></span> <span class='ocrx_word' id='word_1_184' title='bbox 1019 3319 1095 3366; x_wconf 86' lang='lat' dir='ltr'><strong>con-</strong></span> 
     </span>
    </p>
   </div>
   <div class='ocr_carea' id='block_1_12' title="bbox 113 3397 1094 3588">
    <p class='ocr_par' dir='ltr' id='par_1_16' title="bbox 113 3397 1094 3588">
     <span class='ocr_line' id='line_1_32' title="bbox 113 3397 230 3462; baseline -0.034 -2"><span class='ocrx_word' id='word_1_185' title='bbox 113 3397 230 3462; x_wconf 85' lang='lat' dir='ltr'><strong>ficitur.</strong></span> 
     </span>
     <span class='ocr_line' id='line_1_33' title="bbox 151 3499 1094 3588; baseline -0.01 -13"><span class='ocrx_word' id='word_1_186' title='bbox 151 3505 511 3588; x_wconf 73' lang='lat' dir='ltr'><strong>vlit-Allcgctiones,</strong></span> <span class='ocrx_word' id='word_1_187' title='bbox 530 3520 586 3567; x_wconf 90' lang='lat' dir='ltr'><strong>seu</strong></span> <span class='ocrx_word' id='word_1_188' title='bbox 610 3499 809 3576; x_wconf 81' lang='lat' dir='ltr'><strong>defensiones</strong></span> <span class='ocrx_word' id='word_1_189' title='bbox 824 3500 1094 3568; x_wconf 76' lang='lat' dir='ltr'><strong>Eminentissimis</strong></span> 
     </span>
    </p>
   </div>
   <div class='ocr_carea' id='block_1_13' title="bbox 108 3590 1093 3774">
    <p class='ocr_par' dir='ltr' id='par_1_17' title="bbox 108 3590 1093 3774">
     <span class='ocr_line' id='line_1_34' title="bbox 112 3590 1093 3673; baseline -0.005 -8"><span class='ocrx_word' id='word_1_190' title='bbox 112 3599 257 3665; x_wconf 80' lang='lat' dir='ltr'><strong>Patribus</strong></span> <span class='ocrx_word' id='word_1_191' title='bbox 293 3592 522 3660; x_wconf 82' lang='lat' dir='ltr'><strong>distribuendae</strong></span> <span class='ocrx_word' id='word_1_192' title='bbox 549 3591 631 3673; x_wconf 82' lang='lat' dir='ltr'><strong>typis</strong></span> <span class='ocrx_word' id='word_1_193' title='bbox 665 3607 731 3654; x_wconf 89' lang='lat' dir='ltr'><strong>nen</strong></span> <span class='ocrx_word' id='word_1_194' title='bbox 755 3590 1007 3666; x_wconf 86' lang='lat' dir='ltr'><strong>committantur,</strong></span> <span class='ocrx_word' id='word_1_195' title='bbox 1032 3594 1093 3660; x_wconf 86' lang='lat' dir='ltr'><strong>nisi</strong></span> 
     </span>
     <span class='ocr_line' id='line_1_35' title="bbox 108 3677 851 3774; baseline -0.016 -19"><span class='ocrx_word' id='word_1_196' title='bbox 108 3689 205 3774; x_wconf 79' lang='lat' dir='ltr'><strong>juder</strong></span> <span class='ocrx_word' id='word_1_197' title='bbox 221 3685 336 3751; x_wconf 85' lang='lat' dir='ltr'><strong>relator</strong></span> <span class='ocrx_word' id='word_1_198' title='bbox 351 3681 554 3766; x_wconf 88' lang='lat' dir='ltr'><strong>imprimendi</strong></span> <span class='ocrx_word' id='word_1_199' title='bbox 575 3679 699 3742; x_wconf 84' lang='lat' dir='ltr'><strong>reniam</strong></span> <span class='ocrx_word' id='word_1_200' title='bbox 716 3677 851 3744; x_wconf 86' lang='lat' dir='ltr'><strong>dederit.</strong></span> 
     </span>
    </p>
   </div>
   <div class='ocr_carea' id='block_1_14' title="bbox 0 0 1314 4212">
    <p class='ocr_par' dir='ltr' id='par_1_18' title="bbox 0 0 1314 4212">
     <span class='ocr_line' id='line_1_36' title="bbox 0 0 1314 4212; baseline 0 6"><span class='ocrx_word' id='word_1_201' title='bbox 0 0 1314 4212; x_wconf 95' lang='lat' dir='ltr'><strong> </strong></span> 
     </span>
    </p>
   </div>
  </div>
 </body>
</html>
