2552 4204
188 301 250 358 'itu
465 306 620 354 munaum
639 299 722 350 rurus
742 301 890 382 canonici.

190 431 296 486 tamen
317 441 356 485 an
371 420 437 484 haeo
452 417 728 482 excommunicatio
743 415 780 476 sit
795 415 862 476 latae
876 413 924 474 vel
946 411 1082 474 terenda.
1095 431 1164 476 ren·

194 513 312 588 tentiae3
334 528 406 572 nam
425 509 563 590 quamvis
583 506 615 567 in
638 505 729 568 rebus
749 502 819 564 lidei
839 501 930 564 verba
954 499 1167 562 anathemasti
1262 531 1263 558 i

96 597 98 602 ’
193 601 400 682 intelligantur
413 597 451 660 de
462 593 776 658 excommunicatione
792 593 859 653 latae
873 591 1043 664 sententiae,
1063 591 1095 652 in
1107 586 1168 652 aliis

198 698 300 753 tamen
316 688 451 751 materiis
467 691 588 748 nonest
609 685 648 744 ita
662 680 906 760 intelligendum,
919 680 1005 762 juxta
1019 682 1169 743 Suarczel
1262 677 1263 756 ζ

199 779 285 842 alios.
298 813 336 827 -
352 781 394 839 De
409 779 444 838 ed
457 775 523 836 silet
537 774 569 836 C.
588 774 691 840 Aooat.
709 773 802 832 Sedis.
1262 771 1263 778 ’

234 865 265 920 2·
291 861 455 921 incurrunt
464 856 814 921 excommunicationem
825 858 920 922 Bullae
932 857 1040 934 Coenoe,
1052 859 1078 919 si
1093 857 1124 918 in
1136 855 1169 916 iis

190 949 395 1029 conjungatur
409 945 530 1008 haeresis
552 946 597 1008 vel
615 945 778 1009 vehemens
800 947 932 1028 suspicio
953 947 1034 1009 illius
1061 968 1068 1006 :
1089 942 1170 1026 quod

192 1037 343 1118 contingit
366 1035 488 1116 quando
511 1033 605 1096 initur
619 1037 759 1116 expresse
775 1043 896 1116 pactum
923 1053 995 1099 cum
1009 1033 1169 1109 daemone,

196 1126 240 1188 vel
254 1124 377 1206 quando
393 1123 573 1186 adhibentur
587 1142 634 1186 res
659 1143 768 1206 sacrae,
784 1125 830 1187 vel
852 1124 991 1187 diabolus
1014 1125 1168 1191 adoratur,

195 1219 246 1275 aut
259 1213 426 1274 consulitur
440 1211 478 1274 de
492 1212 529 1273 iis
543 1230 611 1292 quae
624 1212 687 1293 ipse
701 1231 885 1293 cognoscere
907 1212 1014 1294 nequit
1026 1232 1035 1284 ;
1066 1211 1121 1276 sed
1135 1209 1171 1272 ad

192 1301 251 1364 boe
267 1302 429 1382 requiritur
444 1319 527 1362 error
548 1299 619 1362 fidei
642 1301 673 1362 in
688 1301 854 1364 intellectu.

235 1394 267 1452 3·
288 1392 366 1470 Magi
377 1397 407 1451 et
420 1389 752 1470 sortilegideelarantur
763 1390 917 1454 infamesa
928 1409 995 1472 cap.
1010 1387 1172 1452 Constitui·

195 1499 259 1540 mua
271 1483 307 1549 9,
319 1497 408 1542 causa
422 1481 459 1553 3,
474 1497 507 1560 q.
527 1483 556 1540 5.
574 1479 670 1539 Variis
693 1479 813 1558 peanis,
830 1479 920 1540 etiam
936 1477 974 1540 de
988 1478 1170 1560 positionis,

195 1567 345 1650 plectendi
370 1575 439 1630 sunt
456 1566 596 1648 Episcopi
613 1573 644 1628 et
657 1567 823 1648 presbyteri
838 1575 869 1630 et
885 1567 934 1628 alii
948 1567 1051 1628 clerici
1066 1585 1173 1649 magos

195 1659 240 1719 vel
262 1657 438 1738 haruspices
455 1657 670 1718 consulentes:
688 1656 756 1718 vide
777 1676 843 1737 cap.
860 1655 977 1738 Siquis
991 1657 1170 1738 Episcopus,

193 1764 284 1810 nausa
299 1751 355 1820 26,
372 1767 404 1828 q.
419 1749 450 1821 5,
464 1753 495 1808 et
509 1748 580 1827 Cap.
597 1746 665 1808 Non
680 1755 803 1826 oportet,
820 1746 881 1822 ila,
896 1745 957 1808 bue
970 1746 1063 1806 etiam
1082 1765 1172 1827 spec-

192 1842 260 1898 tant
279 1856 346 1918 cap.
363 1835 377 1896 l
398 1836 504 1898 elude
518 1834 709 1916 Sortilcpiis;
727 1833 828 1897 Const.
843 1835 990 1916 Supernu,
1006 1833 1022 1916 ξ
1038 1840 1073 1896 rt
1094 1837 1173 1898 Leo·

193 1926 243 1987 nis
256 1929 300 2000 X;
318 1926 442 1986 Constit.
462 1924 538 1988 Coeli
553 1935 579 1987 et
593 1931 680 1986 terror
696 1925 768 1986 Sixti
783 1927 824 2002 V;
838 1925 964 1986 Constit.
983 1924 1174 2007 Omnipotens

113 2021 115 2024 ’
191 2015 253 2080 Dei
267 2015 403 2097 Gregorii
416 2017 488 2092 XV;
505 2022 535 2078 et
549 2016 675 2077 Constit.
691 2013 897 2078 Inscrutubilis
908 2014 1024 2078 Urbani
1039 2017 1120 2079 VIll.

602 2231 688 2290 ΑΡιΤ.
711 2231 761 2292 ΙΙΙ.

497 2381 536 2428 titt
555 2382 686 2428 DELlCTlS
706 2383 862 2430 vnnunuls.
923 2425 925 2432 ,

235 2541 302 2600 907.
326 2537 534 2598 Venercorum
544 2535 707 2597 criminum
720 2536 835 2616 species
847 2541 918 2598 sunt
930 2535 1092 2601 fornicatio
1102 2539 1173 2601 sim·

196 2626 275 2706 plex,
287 2625 506 2686 concubinatus
519 2672 526 2700 ‚
541 2632 691 2706 stuprum,
704 2625 898 2703 adulterium,
914 2625 1062 2704 incestus,
1078 2630 1172 2691 sacri·

193 2715 326 2793 legium,
350 2720 471 2794 raptus,
501 2714 657 2793 sodomia,
682 2716 950 2794 conjunctionum
975 2715 1081 2779 bestiis
1103 2733 1172 2800 quaa

191 2804 283 2883 vulgo
295 2803 462 2864 bestialitas
473 2804 652 2886 appellatur.

234 2895 412 2955 Fornicatio
428 2902 473 2955 est
486 2895 672 2956 voluntarius
682 2893 862 2957 concubitus
873 2894 928 2956 viri
941 2913 1014 2956 cum
1027 2897 1170 2973 muliere,

191 3002 325 3064 quorum
348 2991 453 3043 neuter
472 2984 530 3043 alio
552 2984 672 3045 vinculo
691 2985 852 3046 obstrietus
875 2990 932 3046 est.
955 2983 1171 3048 concubinatus

191 3085 238 3136 est
253 3073 441 3136 consuetudo
458 3073 682 3152 conjunctionis
700 3073 755 3135 viri
770 3074 858 3136 soluti
881 3091 952 3135 eum
970 3075 1081 3137 soluta.
1098 3075 1171 3139 Stu-

191 3184 280 3244 prnm
298 3173 342 3222 est
356 3161 486 3221 violenta
499 3162 625 3240 virginis
639 3164 836 3242 compressio.
852 3162 1062 3238 Adulterium,
1080 3164 1169 3226 alieni
1262 3199 1263 3228 r

194 3251 270 3314 thori
296 3251 424 3311 violatio.
438 3250 588 3325 Incestus,
606 3252 780 3330 coniunctio
799 3252 1103 3330 consanguineorum
1121 3259 1171 3315 aut

194 3340 342 3403 allinium.
365 3337 585 3419 Sacrilepiurn,
607 3341 789 3402 concubitus
809 3359 880 3402 cum
903 3344 1033 3420 persona
1052 3361 1122 3421 quae
1140 3359 1171 3404 se

193 3432 257 3490 Deo
276 3429 365 3488 vovit.
394 3428 523 3510 Raptus,
551 3429 683 3490 violenta
706 3429 847 3491 abductio
875 3429 1010 3490 honestae
1032 3447 1170 3510 personae

194 3517 326 3580 libidinis
343 3519 499 3598 explendae
520 3522 621 3580 causi.
639 3518 775 3580 Sodomiu
789 3526 832 3580 est
847 3519 1025 3598 conjunctio
1039 3521 1170 3581 duarum

195 3626 391 3688 personarum
408 3608 544 3685 ejusdem
559 3611 648 3669 sextis
663 3627 732 3690 quae
747 3608 882 3669 sodomia
894 3607 1026 3688 perfecta
1039 3608 1168 3670 dicitur:

193 3713 261 3758 eam
285 3698 356 3757 vend
384 3696 520 3776 proxime
549 3697 684 3776 sequitur
709 3697 848 3760 mdomia
876 3696 1070 3776 imperfecta,
1104 3714 1169 3778 quae

195 3784 294 3846 locum
306 3785 395 3846 babet
407 3784 528 3864 quando
539 3784 607 3846 duae
618 3805 754 3866 personae
764 3789 854 3849 seriis
865 3785 1023 3848 dissimilis
1032 3805 1070 3848 eo
1082 3783 1170 3848 morlo
