2590 4208
469 311 555 361 ’.ΗΕΒ
575 313 698 359 TERTIUS

149 440 314 508 Praeterea,
328 431 546 509 consitetcdine,
562 448 626 495 uon
643 439 747 494 autem
758 453 829 514 Jure
842 436 969 516 scripto,
986 439 1082 500 intro·

109 522 244 586 ductum
263 520 322 584 suit
346 533 381 585 ut
398 522 574 603 Episcopus
587 521 711 600 exigere
726 523 822 602 possit
844 524 1082 602 monialibus,

112 610 310 692 regularibus
330 628 395 673 non
417 610 587 692 subjectis,
613 617 647 672 ut
668 628 726 691 pro
749 611 844 674 relius
865 613 995 694 majoris
1017 631 1084 675 mo·

112 700 225 773 menti,
241 718 318 762 suus
332 706 512 781 expectetur
526 716 718 774 consensus3
736 705 767 761 et
781 700 910 782 insuper
926 700 965 762 ad
981 703 1085 783 ipsum

113 789 252 870 pertinet
272 787 541 866 administratores
567 787 744 869 approbare
766 796 798 851 et
823 807 988 866 revocare,
1003 799 1036 853 et
1053 798 1086 852 ut

115 876 175 960 ipsi
192 878 473 940 administrationis
486 877 639 939 rationem
654 876 798 941 reddant.
809 911 846 928 -
860 878 1024 941 Contraria
1041 886 1087 940 ta-

116 983 190 1029 men
205 965 403 1030 consuetudo
427 966 531 1047 vigere
553 973 665 1046 potest,
682 974 714 1028 et
735 967 809 1028 lruic
823 975 905 1029 stare
929 984 1020 1049 posse
1037 963 1087 1028 vi·

115 1055 231 1117 dentur
247 1053 409 1116 moniales.

155 1142 202 1205 Ex
228 1143 278 1205 his
302 1143 477 1222 intelligere
501 1148 634 1224 possunt
649 1142 836 1207 monialium
858 1145 1036 1225 superiores
1051 1143 1089 1206 ab

117 1231 282 1315 Episcopis
296 1233 449 1313 deputati,
466 1229 626 1312 quomodo
645 1248 678 1292 sc
691 1249 798 1311 gerere
812 1231 965 1311 debeant,
982 1235 1014 1294 in
1032 1234 1087 1294 lru·

115 1321 255 1402 jusmodi
271 1339 401 1382 munere
416 1319 631 1400 adimplendo,
647 1318 715 1383 Non
737 1321 822 1382 enim
846 1322 920 1402 ipsis
936 1321 1007 1384 licet
1033 1339 1089 1402 pro

119 1409 210 1473 libitu
231 1427 420 1472 consensum
441 1408 473 1470 in
493 1407 585 1470 dictis
607 1409 742 1487 negotiis
761 1409 931 1491 denegare,
956 1410 1009 1472 sed
1036 1409 1088 1472 uli

119 1497 245 1562 nullum
268 1508 450 1560 secuturum
462 1495 617 1558 damnum
641 1497 848 1579 perspiciunt,
865 1501 1015 1560 assentire
1037 1497 1089 1560 de·

118 1588 193 1650 hant
208 1608 215 1648 :
233 1587 495 1668 alioquineorum
516 1586 685 1648 auctoritas
699 1586 871 1667 quamdam
892 1587 1089 1667 tyrannidem
1143 1639 1144 1642 ,

118 1685 254 1758 saperet,
272 1693 329 1738 nec
347 1675 380 1737 in
404 1674 523 1736 bonum
539 1674 591 1737 sed
609 1676 713 1755 potius
728 1677 759 1736 in
776 1675 896 1738 malum
911 1683 992 1737 esset
1006 1692 1089 1737 com·

119 1765 324 1828 munitatum.
344 1763 507 1847 (Manuale,
523 1762 565 1826 11¹⁸
582 1762 672 1840 2930,
689 1763 763 1845 etc.)

158 1853 343 1917 Contractus
367 1853 581 1934 tierixsenrper
603 1852 720 1914 debent
744 1852 872 1915 nornine
889 1853 1089 1928 monasterii,

120 1961 181 2006 non
205 1951 311 2005 autem
330 1941 478 2022 Episcopi
503 1949 558 2003 aut
576 1942 748 2023 superioris
774 1941 812 2002 ab
835 1942 903 2024 ipso
927 1939 1089 2024 deputati:

120 2035 195 2115 quia
211 2050 274 2094 non
290 2031 339 2093 isti
354 2031 545 2110 obligantur,
564 2030 616 2094 sed
633 2040 816 2094 conventus.

159 2121 248 2185 ¹009.
272 2120 487 2184 Consentaneo
496 2120 534 2182 ad
546 2121 597 2202 J'us
609 2120 798 2183 canonicum
811 2119 895 2182 dicta
909 2129 983 2182 sunt
995 2139 1091 2201 supra

119 2211 272 2294 exposita.
290 2209 398 2285 Quoad
413 2227 488 2272 vero
502 2207 724 2291 dispositiones
738 2209 815 2288 legis
830 2209 929 2273 civilis
943 2208 975 2270 in
992 2209 1090 2272 Gallia

112 2301 201 2362 ,circa
228 2298 532 2360 administrationem
561 2297 718 2360 bonorum
746 2298 988 2378 religiosorum,
1021 2297 1092 2362 vide

118 2389 175 2452 Des
189 2385 422 2462 Commorantes,
436 2395 509 2462 etc„
521 2385 563 2448 11¹·
578 2385 720 2450 stt-870.
737 2387 874 2449 Sufficiat
884 2389 937 2450 hic
951 2407 1089 2462 monere,

118 2476 223 2559 quoad
246 2476 388 2539 lnstituta
410 2475 603 2539 aGubernio
617 2495 681 2538 non
702 2477 830 2556 agnita,
854 2475 940 2557 quod
962 2476 1091 2537 illorum

119 2568 204 2629 bona
228 2566 358 2628 nomine
377 2573 552 2628 conventus
573 2564 725 2647 possideri
749 2564 883 2627 civiliter
901 2573 1090 2645 nequeant:

120 2653 205 2720 unde
218 2657 257 2717 ab
273 2655 346 2734 ipsis
355 2664 400 2716 est
415 2654 579 2735 eligendus
592 2672 674 2717 unus
689 2653 738 2716 vel
749 2655 856 2734 plures
870 2652 1021 2733 religiosi,
1036 2653 1092 2734 qui

118 2753 306 2808 censeantur
319 2744 504 2806 eorumdem
520 2743 678 2806 bonorum
695 2743 893 2824 proprietarii
913 2760 1021 2804 coram
1038 2743 1090 2803 tri·

119 2831 303 2896 hunalibus.
320 2831 417 2895 Porro
430 2833 474 2894 sic
486 2831 605 2895 clectus
629 2832 733 2894 statim
750 2831 904 2893 conficere
922 2831 1012 2892 debet
1031 2841 1093 2892 tes·

119 2929 296 2985 tomentum
311 2938 375 3002 quo
393 2923 425 2982 in
440 2922 573 3001 gratiam
587 2920 801 3003 quorumdam
815 2919 949 2982 aliorum
964 2937 1091 2982 consor·

120 3012 200 3074 tium
215 3011 255 3073 de
273 3010 311 3071 iis
327 3011 419 3074 bonis
440 3010 599 3093 disponat.
625 3011 753 3072 Frustra
770 3010 822 3071 hic
843 3016 1092 3092 praemonerctur

119 3107 240 3184 quanta
262 3118 336 3162 cum
351 3099 473 3162 cautela
492 3100 570 3163 tales
587 3099 824 3164 communitatis
844 3099 927 3161 vices
950 3105 1092 3177 gerentes

117 3191 183 3254 sint
196 3189 344 3270 eligendi,
360 3190 533 3272 quominus
550 3207 608 3252 nec
621 3207 659 3252 er
678 3207 788 3251 eornm
803 3207 861 3251 nec
875 3206 914 3250 ex
929 3187 1091 3249 haredum

119 3279 262 3363 ipsorum
282 3287 369 3359 parte
393 3276 522 3360 aliquidv
536 3278 748 3360 improbitatis
763 3279 803 3340 sit
817 3275 1036 3339 metuendum.
1054 3309 1091 3325 -

118 3369 266 3435 instituta
278 3385 353 3430 vero
364 3385 382 3430 a
395 3367 554 3432 Gubernio
569 3385 631 3431 non
648 3367 926 3450 agnita,inrmunia
937 3375 1008 3428 sunt
1020 3366 1090 3444 qui·

118 3457 222 3522 dema
245 3457 364 3520 tributo
381 3457 558 3520 Mainmorte
583 3465 784 3537 nuncupato,
806 3457 860 3520 sed
872 3457 944 3537 jura
964 3475 1091 3524 success

89 3593 98 3656 Ι
117 3548 218 3612 alonis
239 3545 477 3610 solvendasunt
494 3545 618 3629 quoties
641 3566 659 3610 e
681 3548 745 3609 vita
766 3545 888 3609 decedit
912 3545 1090 3626 religiosus,

88 3653 95 3674 ¹
117 3635 201 3702 bona
215 3646 392 3702 conventus
407 3654 465 3700 suo
481 3637 610 3701 nomine
624 3637 758 3706 civiliter
775 3635 948 3718 possidens.
