2590 4208
483 255 568 300 mum
589 255 722 300 rumim.
1055 254 1095 314 19

117 361 303 422 fraternitati
319 363 470 427 confundi
494 371 610 447 posset.
638 363 676 426 Et
696 382 732 425 ea
746 362 784 426 de
799 383 834 427 ue
855 367 1018 433 sciendum
1040 386 1086 438 est

111 449 284 510 Lazaristas
299 469 362 514 nou
378 453 489 515 haberi
505 461 540 515 ut
560 452 722 532 religiosos
736 455 861 534 proprie
877 456 997 535 dictos,
1014 463 1092 524 iicet.

111 536 228 600 suerint
244 540 430 620 approbati,
452 551 482 604 et
503 542 564 606 tria
584 547 657 604 ‘vota
672 550 840 616 consueta,
863 546 957 608 etiam
974 569 1086 632 perpe-

111 634 177 700 tua,
194 629 342 690 emittant
363 631 459 710 :quia
475 629 570 714 Sedes
587 629 766 710 Apostoliaa
786 631 887 693 noluit
910 639 1092 716 approbare·

111 714 197 794 quod
213 715 268 777 ilia
284 727 356 778 vota
371 719 499 780 nomine
514 717 545 781 S.
564 718 652 781 Sedis
666 726 721 780 aut
736 718 874 782 instituti
890 726 1020 789 nomine
1035 746 1090 788 aa«

110 812 327 883 reptareutur.
345 805 382 868 V.
399 807 552 882 Manuale,
570 805 611 868 u¹·
627 806 837 870 anau-2538.

498 963 644 1017 puntiau
663 964 699 1014 11.

226 1083 255 1121 ue
272 1085 354 1147 roam
371 1072 490 1124 aaronica
508 1085 585 1124 noras
602 1086 713 1150 antaeum
727 1087 873 1145 *auurarosas
889 1075 987 1134 uarius(

153 1195 224 1252 943.
249 1189 322 1256 Sola
349 1191 534 1253 auctoritate
557 1191 713 1253 Ordinarii
743 1197 933 1259 monasteria
955 1199 1096 1280 [tegata-

114 1281 199 1342 rium
215 1278 417 1357 erigebantur
437 1286 509 1341 ante
524 1279 700 1341 Decretales
727 1279 852 1360 Gregor.
870 1284 912 1358 X,
935 1307 1003 1370 aap.
1025 1290 1097 1351 Nan·

114 1369 259 1450 amplias,
275 1367 311 1430 ue
330 1367 466 1443 Constit,
482 1375 513 1430 et
527 1367 679 1430 Bonisaeii
694 1368 783 1444 Vlll,
801 1390 870 1453 cap.
892 1373 1092 1457 Rutupinum,

119 1460 162 1521 De
176 1457 325 1538 retr'piosz'r
338 1458 415 1519 dom.
431 1458 463 1518 in
477 1460 521 1532 6⁰3
536 1456 590 1520 sed
606 1475 624 1518 a
640 1467 781 1540 tempore
796 1461 979 1541 hujusmodi
997 1467 1094 1534 Cons-

118 1547 316 1619 titutionum,
330 1546 540 1608 necessarium
557 1544 615 1608 fuit
630 1545 718 1608 Sedis
731 1550 918 1628 Apostotieae
942 1554 1093 1636 benepla-

118 1637 219 1699 citum
244 1653 301 1716 pro
325 1634 481 1714 erigendis
504 1633 755 1696 mendicantium
783 1641 1001 1704 conventibus
1030 1645 1102 1704 lma·

119 1744 175 1808 por
199 1723 323 1786 Butlam
339 1723 548 1786 instauranda
563 1723 670 1784 lnnoo.
700 1722 744 1798 X,
760 1742 843 1786 anno
868 1728 966 1806 1652,
986 1731 1096 1811 prohi-

120 1816 187 1876 bita
215 1811 274 1874 fuit
296 1812 464 1894 eujusiibet
486 1812 667 1874 monasterii
682 1813 797 1874 erectio
816 1815 1007 1893 regularium
1022 1838 1099 1898 pro-

122 1903 191 1984 prie
214 1901 395 1974 dictorum,
422 1900 540 1982 absque
562 1899 594 1962 S.
618 1899 706 1962 Sedis
724 1901 858 1964 licentia.
878 1903 949 1966 Haeo
970 1907 1102 1986 quidem·

123 1993 310 2056 constitutio
334 1990 397 2052 lata
414 1989 471 2052 suit
489 1990 644 2052 duntaxat
658 2007 715 2070 pro
731 1989 820 2052 italia
834 2000 865 2053 et
886 1991 1000 2058 Insulis
1015 1996 1103 2077 adja-

125 2079 289 2155 centibus3
307 2079 360 2142 sed
377 2097 394 2141 a
409 2088 549 2161 tempore
566 2077 681 2140 Beued.
697 2077 764 2142 XIV
775 2083 797 2154 ¹,
815 2080 932 2163 ubique
947 2093 1101 2167 tanquam

125 2171 316 2250 obligatoria
333 2188 349 2230 a
363 2169 460 2230 saeris
475 2168 624 2230 Romanis
634 2167 938 2248 Congregationibus
954 2175 1099 2238 habetur.

129 2261 216 2322 idem
236 2258 470 2339 beneplacitum
484 2255 699 2338 Apostolicum
721 2260 893 2338 requiritur
908 2281 965 2342 pro
984 2265 1108 2344 erigens

127 2351 175 2412 dis
192 2349 380 2412 monialium
396 2347 595 2409 monasteriis
606 2347 638 2407 in
654 2346 772 2427 quibus
788 2350 870 2428 riget
887 2351 1039 2430 professio
1051 2371 1102 2413 so-

127 2441 255 2514 lemniS,
279 2455 412 2518 quaeque
427 2436 498 2499 ideo
510 2436 665 2499 clausurae
680 2437 784 2516 papali
801 2447 875 2498 sunt
892 2440 1098 2518 subjicienda.

127 2529 239 2605 Quoad
256 2527 335 2590 alias
349 2527 460 2589 domos
482 2526 641 2606 religiosas
659 2525 723 2586 sive
747 2525 885 2588 virorum
909 2529 973 2588 sive
990 2531 1104 2590 mutio-

128 2638 213 2693 rum,
242 2618 273 2678 in
290 2617 406 2697 quibus
421 2615 487 2678 sola
514 2626 586 2678 vota
610 2613 767 2694 simplicia
789 2616 997 2696 profitentur,
1015 2619 1107 2680 uuita

127 2710 178 2772 lex
194 2706 351 2788 generalis
367 2703 707 2785 erigitBenepIaaitum
719 2702 946 2784 Apostolicum,
963 2727 1022 2788 pro
1039 2709 1105 2769 illa·

128 2815 202 2861 rum
215 2795 384 2858 erectione.
402 2794 545 2855 Attamen
561 2791 681 2875 pluries
696 2809 783 2853 saara
800 2793 1007 2872 congregatio
1023 2797 1106 2856 hanc

128 2885 345 2952 conditionem
363 2881 576 2964 quorumdam
588 2881 807 2943 Institutorum
823 2883 1046 2963 approbationi
1057 2903 1111 2966 ap·

129 2975 248 3059 posuit,
259 2982 289 3035 et
297 2973 374 3035 soter
385 2969 587 3052 praescribere
597 2968 785 3052 prodelectu
796 2969 972 3034 Novitiatus
980 2973 1105 3037 domae.

128 3067 210 3132 Nota
224 3065 353 3142 insuper
365 3060 450 3143 quod
466 3061 600 3121 minime
614 3059 654 3120 sit
668 3058 882 3122 dubitandum
896 3062 971 3142 quin
985 3061 1015 3124 S.
1034 3063 1110 3125 Pon·

131 3156 227 3220 tisrcis
243 3154 414 3216 auctoritas
427 3149 539 3211 debeat
558 3148 750 3211 intervenire
764 3168 837 3211 cum
858 3151 960 3227 agitur
982 3151 1021 3214 de
1037 3172 1107 3234 pro·

127 3245 326 3316 rineiarum,
345 3259 400 3322 per
421 3257 501 3321 quas
516 3237 697 3300 lnstitutum
722 3257 753 3300 se
775 3239 930 3308 extendit,
954 3239 1109 3307 divisione

130 3343 184 3400 aut
212 3333 342 3396 unione.
363 3329 410 3411 (V.
438 3328 493 3390 des
516 3326 752 3402 Commorantes,
776 3334 848 3403 eta,
870 3339 905 3388 ῐιο
919 3329 974 3404 50,
990 3339 1061 3406 eto,
1080 3343 1112 3395 et

129 3423 275 3490 Manuale
290 3418 492 3498 uati-utut.)

169 3514 241 3580 aaa.
266 3511 363 3572 Porro
375 3505 611 3590 Beneplaeitum
625 3503 843 3586 Apostolicum
859 3525 922 3569 non
940 3509 1056 3572 suffieit
1069 3512 1108 3572 ad

130 3603 325 3670 erectionem
346 3597 461 3660 domus
475 3595 641 3676 religiosae,
659 3593 899 3677 qualiscumque
919 3599 969 3676 sit,
989 3599 1041 3661 sed
1058 3601 1109 3662 in·

163 3766 187 3818 t.
205 3762 247 3812 Da
265 3758 329 3824 Syn.
347 3756 363 3808 1,
374 3757 409 3806 IX
422 3770 442 3808 a.
453 3757 463 3805 1
474 3793 480 3812 ,
492 3763 518 3804 nt
534 3753 558 3802 9.
1022 3767 1066 3815 pa*
