2618 4212
595 299 752 344 rrrssorx.
1102 287 1159 354 lat

182 441 198 474 «
222 413 471 478 municationcm
490 411 633 476 Romano
648 411 791 475 Pontifici
806 422 997 479 reservatam
1012 417 1154 501 ‘speciali

184 532 196 563 ι
221 503 317 568 modo
330 503 503 566 incurrere.
528 536 568 548 -
589 499 741 582 Cogentes
767 501 832 564 sive
847 501 965 566 directe
987 506 1053 570 sive
1076 509 1154 572 indi·

184 620 195 652 ι
222 591 438 672 rectejudices
452 589 601 655 laicosad
618 589 807 652 trahendum
830 590 870 653 ad
899 609 993 656 suum
1019 595 1158 662 tribunal

184 711 194 737 ·
220 678 1153 764 personaseeelesiasticaspraetercanouicasdispositionem

182 800 195 828 a
220 774 294 835 item
314 771 442 834 edentes
464 769 548 851 leges
560 769 609 831 vel
636 768 761 831 decreta
786 777 897 832 contre
921 769 1100 836 libertatem
1121 783 1151 836 et

185 889 196 919 r
223 861 295 942 jura
305 858 463 924 Ecclesiae.
486 883 498 913 ι
563 881 565 884 ·
767 905 770 918 ,

220 949 298 1012 Cum
312 947 353 1010 de
363 964 434 1010 vero
449 964 545 1009 sensu
558 953 589 1009 et
601 943 811 1025 intelligentia
826 946 921 1026 liuius
936 949 1051 1030 capitis
1072 969 1155 1034 saepe

182 1039 362 1103 dubitatum
377 1033 717 1116 luerit,haecsuprema
733 1033 940 1117 congregatio
958 1035 989 1100 S.
1007 1037 1157 1106 Romanae
1260 1045 1262 1048 ’

179 1137 209 1190 et
224 1125 411 1189 universalis
433 1124 650 1206 inquisitionis
664 1141 728 1186 non
749 1123 845 1186 semel
861 1125 1033 1191 declaravit
1060 1141 1157 1214 caput

177 1223 324 1298 cogentes
334 1232 397 1279 non
406 1213 529 1277 afficere
542 1211 603 1275 nisi
614 1211 808 1291 legislatores
821 1222 852 1276 et
864 1213 943 1278 alias
952 1219 1151 1287 auctoritates

178 1312 324 1386 cogentes
348 1303 413 1367 sive
427 1303 544 1365 directe
569 1301 635 1363 sive
664 1301 817 1364 indirecte
842 1303 965 1381 judices
991 1305 1090 1374 laicos
1114 1310 1154 1378 ad

178 1391 368 1458 trahendum
410 1391 449 1454 ad
465 1407 559 1456 suum
582 1389 723 1454 tribunal
756 1408 908 1472 personas
928 1395 1155 1465 ecclesiasticas

177 1492 290 1568 praeter
304 1481 473 1545 canonicas
491 1479 724 1560 dispositiones.
745 1479 892 1544 -Hanc
916 1500 991 1545 vero
1011 1484 1153 1556 declara·

175 1577 297 1638 1ionem
315 1570 590 1636 Sanctissimusll.
622 1567 657 1630 N.
686 1569 744 1632 Leo
760 1567 819 1630 PP.
845 1568 914 1632 lllll
949 1571 1095 1652 probavit
1122 1587 1154 1642 et

175 1659 374 1727 confirmarit
389 1677 398 1722 ε
414 1659 547 1742 ideoque
566 1657 597 1723 S.
623 1657 691 1722 haec
722 1657 928 1738 congregatio
955 1659 1043 1724 illarn
1077 1681 1151 1734 cum

174 1750 324 1817 omnibus
341 1746 484 1813 locorum
506 1747 676 1812 ordinariis
695 1767 753 1830 pro
769 1765 882 1812 norrua
911 1752 1149 1818 communicau-

173 1841 249 1904 denr
263 1856 330 1902 esse
345 1839 479 1902 censuit.

213 1929 366 1993 Caeterum
397 1927 430 1988 in
459 1925 497 1988 iis
517 1925 595 1990 locis
616 1925 649 1986 in
671 1923 788 2007 quibus
815 1925 874 1990 lori
902 1927 1071 2010 privilegio
1093 1949 1148 2013 per

172 2013 832 2096 SummosPoutifieesderogatumnonfuit,
846 2015 916 2079 siin
931 2016 1045 2080 eisnon
1056 2020 1150 2095 datur
1226 2039 1229 2046 ·

169 2109 311 2191 jurasua
330 2103 476 2190 persequi
503 2103 567 2166 nisi
596 2102 680 2182 apud
702 2103 825 2184 judices
849 2105 959 2182 laicos,
986 2114 1147 2188 tenentur,

171 2196 289 2278 singuli
304 2195 392 2277 prius
403 2213 421 2259 a
434 2191 562 2276 proprio
576 2192 716 2272 ipsorum
729 2193 889 2260 ordinario
904 2195 1030 2261 veniam
1039 2207 1147 2280 petere

171 2293 207 2349 ut
234 2283 363 2349 clericos
390 2282 424 2346 in
457 2280 560 2345 iorum
591 2281 745 2344 laieorum
784 2286 963 2348 convenire¹
981 2289 1106 2368 possint
1136 2321 1144 2356 2

170 2393 304 2456 eamque
316 2371 467 2435 ordinarii
483 2389 647 2453 nunquam
667 2371 893 2452 denegabunt;
908 2383 975 2436 lum
993 2377 1142 2455 maxime,

172 2481 245 2526 cunr
260 2462 319 2544 ipsi
338 2461 559 2524 controversiis
581 2463 663 2522 inter
684 2469 787 2540 partes
803 2462 1014 2525 conciliandis
1029 2462 1144 2532 frustra

170 2569 300 2634 operam
327 2550 483 2613 dederint.
510 2549 684 2631 Episcopus
707 2559 813 2610 autem
843 2549 922 2612 inid
946 2551 1049 2614 iorum
1067 2571 1144 2615 con-

170 2641 278 2704 venire
293 2639 412 2720 absque
425 2639 518 2701 venia
533 2637 621 2702 Sedis
646 2635 833 2719 Apostolicae
854 2656 917 2701 non
944 2639 1028 2704 licet.
1057 2639 1096 2703 Et
1118 2644 1143 2705 si

169 2729 241 2812 quis
277 2747 373 2792 ausus
396 2727 489 2791 suerit
532 2727 656 2792 trahere
682 2727 721 2790 ad
753 2727 895 2808 judicem
934 2748 989 2792 seu
1021 2731 1143 2811 judices

168 2817 266 2882 laicos
280 2817 330 2882 vel
344 2817 494 2880 clericum
510 2818 578 2880 sine
589 2816 680 2879 venia
704 2816 869 2896 ordinarii,
885 2817 934 2880 vel
956 2819 1141 2901 episcopum
1186 2887 1187 2890 ,

168 2909 236 2971 sine
262 2907 355 2972 venia
385 2905 416 2971 S.
445 2905 544 2984 Sedis,
574 2905 607 2968 in
634 2911 790 2988 potestate
816 2906 1141 2971 eorumdemordine-

169 2997 287 3062 riorum
322 2996 428 3060 eritiu
465 3014 551 3070 eum,
590 2997 764 3078 praesertim
806 2996 833 3059 si
869 2995 964 3059 luerit
994 2995 1139 3078 clericus„

166 3085 416 3150 animadvertere
443 3085 548 3169 poenis
574 3093 605 3147 et
632 3101 780 3148 censuros
810 3083 946 3148 ferendae
975 3086 1142 3149 sententiae

166 3175 211 3240 uti
231 3175 413 3241 violatorem
433 3173 589 3258 privilegii
609 3172 679 3249 fori,
694 3174 720 3236 si
739 3172 770 3235 id
786 3172 932 3256 expedire
947 3175 980 3236 in
1007 3175 1139 3240 Domino

165 3265 427 3344 judicaverint...

363 3401 474 3461 Datum
491 3395 608 3476 Rornae,
624 3395 675 3459 die
688 3395 729 3458 23
745 3395 884 3480 januarii
905 3415 958 3461 an.
982 3398 1075 3464 1886.

535 3500 663 3576 llurnill.
685 3520 716 3576 et
732 3499 848 3577 addici.
864 3531 972 3580 servus
991 3532 1096 3579 verus.

661 3628 698 3693 ll.
713 3627 804 3694 (land.
820 3627 957 3694 Mouico.
