<?xml version="1.0" encoding="UTF-8"?>
<!DOCTYPE html PUBLIC "-//W3C//DTD XHTML 1.0 Transitional//EN"
    "http://www.w3.org/TR/xhtml1/DTD/xhtml1-transitional.dtd">
<html xmlns="http://www.w3.org/1999/xhtml" xml:lang="en" lang="en">
 <head>
  <title>
</title>
<meta http-equiv="Content-Type" content="text/html;charset=utf-8" />
  <meta name='ocr-system' content='tesseract 3.04.00' />
  <meta name='ocr-capabilities' content='ocr_page ocr_carea ocr_par ocr_line ocrx_word'/>
</head>
<body>
  <div class='ocr_page' id='page_1' title='image "./elementajurisca00craigoog_0181.png"; bbox 0 0 2574 4198; ppageno 0'>
   <div class='ocr_carea' id='block_1_1' title="bbox 172 280 868 350">
    <p class='ocr_par' dir='ltr' id='par_1_1' title="bbox 172 280 868 350">
     <span class='ocr_line' id='line_1_1' title="bbox 172 280 868 350; baseline 0 0"><span class='ocrx_word' id='word_1_1' title='bbox 172 298 231 350; x_wconf 76' lang='lat' dir='ltr'>out</span> <span class='ocrx_word' id='word_1_2' title='bbox 443 305 592 348; x_wconf 78' lang='lat' dir='ltr'>araneum</span> <span class='ocrx_word' id='word_1_3' title='bbox 614 280 696 348; x_wconf 72' lang='lat' dir='ltr'>sunrs&#39;</span> <span class='ocrx_word' id='word_1_4' title='bbox 718 303 868 350; x_wconf 82' lang='lat' dir='ltr'>canomcr.</span> 
     </span>
    </p>
   </div>
   <div class='ocr_carea' id='block_1_2' title="bbox 97 403 1182 3850">
    <p class='ocr_par' dir='ltr' id='par_1_2' title="bbox 97 403 1182 1726">
     <span class='ocr_line' id='line_1_2' title="bbox 174 403 1182 487; baseline 0.004 -22"><span class='ocrx_word' id='word_1_5' title='bbox 174 405 230 466; x_wconf 88' lang='lat' dir='ltr'>lroc</span> <span class='ocrx_word' id='word_1_6' title='bbox 250 403 427 481; x_wconf 75' lang='lat' dir='ltr'>procedebat</span> <span class='ocrx_word' id='word_1_7' title='bbox 443 424 479 466; x_wconf 87' lang='lat' dir='ltr'>ex</span> <span class='ocrx_word' id='word_1_8' title='bbox 499 425 536 466; x_wconf 92' lang='lat' dir='ltr'>eo</span> <span class='ocrx_word' id='word_1_9' title='bbox 559 406 639 487; x_wconf 88' lang='lat' dir='ltr'>qubd</span> <span class='ocrx_word' id='word_1_10' title='bbox 664 407 771 469; x_wconf 88' lang='lat' dir='ltr'>talium</span> <span class='ocrx_word' id='word_1_11' title='bbox 795 406 957 467; x_wconf 90' lang='lat' dir='ltr'>criminum</span> <span class='ocrx_word' id='word_1_12' title='bbox 980 407 1023 468; x_wconf 90' lang='lat' dir='ltr'>rei</span> <span class='ocrx_word' id='word_1_13' title='bbox 1048 415 1152 469; x_wconf 92' lang='lat' dir='ltr'>essent</span> <span class='ocrx_word' id='word_1_14' title='bbox 1180 447 1182 450; x_wconf 94' lang='lat'>-</span> 
     </span>
     <span class='ocr_line' id='line_1_3' title="bbox 175 493 1151 576; baseline 0.004 -23"><span class='ocrx_word' id='word_1_15' title='bbox 175 493 372 570; x_wconf 58' lang='lat' dir='ltr'>irregularem</span> <span class='ocrx_word' id='word_1_16' title='bbox 388 493 616 572; x_wconf 75' lang='lat' dir='ltr'>excipiebantur</span> <span class='ocrx_word' id='word_1_17' title='bbox 636 495 747 576; x_wconf 87' lang='lat' dir='ltr'>pariter</span> <span class='ocrx_word' id='word_1_18' title='bbox 761 495 891 575; x_wconf 79' lang='lat' dir='ltr'>religiosi</span> <span class='ocrx_word' id='word_1_19' title='bbox 909 495 975 575; x_wconf 88' lang='lat' dir='ltr'>qui,</span> <span class='ocrx_word' id='word_1_20' title='bbox 996 497 1019 556; x_wconf 93' lang='lat' dir='ltr'>si</span> <span class='ocrx_word' id='word_1_21' title='bbox 1036 497 1052 556; x_wconf 76' lang='lat' dir='ltr'>a</span> <span class='ocrx_word' id='word_1_22' title='bbox 1068 497 1151 558; x_wconf 87' lang='lat' dir='ltr'>Prae-</span> 
     </span>
     <span class='ocr_line' id='line_1_4' title="bbox 176 581 1151 660; baseline 0.004 -20"><span class='ocrx_word' id='word_1_23' title='bbox 176 581 240 642; x_wconf 90' lang='lat' dir='ltr'>latis</span> <span class='ocrx_word' id='word_1_24' title='bbox 259 582 321 641; x_wconf 89' lang='lat' dir='ltr'>suis</span> <span class='ocrx_word' id='word_1_25' title='bbox 341 591 535 644; x_wconf 91' lang='lat' dir='ltr'>noscerentur</span> <span class='ocrx_word' id='word_1_26' title='bbox 552 583 595 643; x_wconf 91' lang='lat' dir='ltr'>rei</span> <span class='ocrx_word' id='word_1_27' title='bbox 615 584 740 660; x_wconf 88' lang='lat' dir='ltr'>alicujus</span> <span class='ocrx_word' id='word_1_28' title='bbox 758 583 893 645; x_wconf 90' lang='lat' dir='ltr'>criminis</span> <span class='ocrx_word' id='word_1_29' title='bbox 914 583 1004 643; x_wconf 88' lang='lat' dir='ltr'>etiam</span> <span class='ocrx_word' id='word_1_30' title='bbox 1021 585 1151 660; x_wconf 81' lang='lat' dir='ltr'>occulti,</span> 
     </span>
     <span class='ocr_line' id='line_1_5' title="bbox 176 671 1154 750; baseline 0.007 -22"><span class='ocrx_word' id='word_1_31' title='bbox 176 676 311 750; x_wconf 87' lang='lat' dir='ltr'>poterant</span> <span class='ocrx_word' id='word_1_32' title='bbox 334 671 372 730; x_wconf 89' lang='lat' dir='ltr'>eb</span> <span class='ocrx_word' id='word_1_33' title='bbox 397 671 502 731; x_wconf 88' lang='lat' dir='ltr'>iisdem</span> <span class='ocrx_word' id='word_1_34' title='bbox 529 671 665 732; x_wconf 78' lang='lat' dir='ltr'>interdici</span> <span class='ocrx_word' id='word_1_35' title='bbox 689 672 727 732; x_wconf 90' lang='lat' dir='ltr'>ab</span> <span class='ocrx_word' id='word_1_36' title='bbox 748 689 875 733; x_wconf 88' lang='lat' dir='ltr'>ascensu</span> <span class='ocrx_word' id='word_1_37' title='bbox 895 671 932 733; x_wconf 90' lang='lat' dir='ltr'>ad</span> <span class='ocrx_word' id='word_1_38' title='bbox 953 673 1088 734; x_wconf 88' lang='lat' dir='ltr'>ordines.</span> <span class='ocrx_word' id='word_1_39' title='bbox 1109 675 1154 734; x_wconf 85' lang='lat' dir='ltr'>lta</span> 
     </span>
     <span class='ocr_line' id='line_1_6' title="bbox 97 755 1154 840; baseline 0.002 -22"><span class='ocrx_word' id='word_1_40' title='bbox 97 755 102 770; x_wconf 84' lang='lat'><em>&#39;</em></span> <span class='ocrx_word' id='word_1_41' title='bbox 175 775 242 836; x_wconf 87' lang='lat' dir='ltr'>cap.</span> <span class='ocrx_word' id='word_1_42' title='bbox 257 757 444 832; x_wconf 69' lang='lat' dir='ltr'>litomeri),</span> <span class='ocrx_word' id='word_1_43' title='bbox 460 760 504 819; x_wconf 90' lang='lat' dir='ltr'>tit.</span> <span class='ocrx_word' id='word_1_44' title='bbox 521 763 569 832; x_wconf 90' lang='lat' dir='ltr'>ll,</span> <span class='ocrx_word' id='word_1_45' title='bbox 584 759 634 820; x_wconf 92' lang='lat' dir='ltr'>lib.</span> <span class='ocrx_word' id='word_1_46' title='bbox 649 765 663 821; x_wconf 93' lang='lat' dir='ltr'>t</span> <span class='ocrx_word' id='word_1_47' title='bbox 679 761 794 822; x_wconf 90' lang='lat' dir='ltr'>Decret.</span> <span class='ocrx_word' id='word_1_48' title='bbox 812 759 872 821; x_wconf 87' lang='lat' dir='ltr'>Sed</span> <span class='ocrx_word' id='word_1_49' title='bbox 886 763 902 820; x_wconf 77' lang='lat' dir='ltr'>b</span> <span class='ocrx_word' id='word_1_50' title='bbox 918 767 1054 840; x_wconf 86' lang='lat' dir='ltr'>tempore</span> <span class='ocrx_word' id='word_1_51' title='bbox 1069 761 1154 822; x_wconf 90' lang='lat' dir='ltr'>Con-</span> 
     </span>
     <span class='ocr_line' id='line_1_7' title="bbox 176 845 1155 928; baseline 0.005 -22"><span class='ocrx_word' id='word_1_52' title='bbox 176 845 234 906; x_wconf 89' lang='lat' dir='ltr'>cilii</span> <span class='ocrx_word' id='word_1_53' title='bbox 249 846 414 907; x_wconf 69' lang='lat' dir='ltr'>Tridentini</span> <span class='ocrx_word' id='word_1_54' title='bbox 427 857 547 907; x_wconf 83' lang='lat' dir='ltr'>extensa</span> <span class='ocrx_word' id='word_1_55' title='bbox 561 846 614 909; x_wconf 90' lang='lat' dir='ltr'>luit</span> <span class='ocrx_word' id='word_1_56' title='bbox 627 847 692 909; x_wconf 88' lang='lat' dir='ltr'>haec</span> <span class='ocrx_word' id='word_1_57' title='bbox 704 855 833 928; x_wconf 89' lang='lat' dir='ltr'>potestas</span> <span class='ocrx_word' id='word_1_58' title='bbox 849 848 993 928; x_wconf 89' lang='lat' dir='ltr'>puniendi</span> <span class='ocrx_word' id='word_1_59' title='bbox 1006 867 1045 909; x_wconf 86' lang='lat' dir='ltr'>ex</span> <span class='ocrx_word' id='word_1_60' title='bbox 1057 847 1155 911; x_wconf 82' lang='lat' dir='ltr'>infor-</span> 
     </span>
     <span class='ocr_line' id='line_1_8' title="bbox 177 935 1155 1018; baseline 0.005 -24"><span class='ocrx_word' id='word_1_61' title='bbox 177 938 256 996; x_wconf 78' lang='lat' dir='ltr'>mata</span> <span class='ocrx_word' id='word_1_62' title='bbox 280 935 463 997; x_wconf 75' lang='lat' dir='ltr'>conscientie</span> <span class='ocrx_word' id='word_1_63' title='bbox 483 955 491 996; x_wconf 78' lang='grc' dir='ltr'><em>τ</em></span> <span class='ocrx_word' id='word_1_64' title='bbox 511 937 554 998; x_wconf 91' lang='lat' dir='ltr'>sio</span> <span class='ocrx_word' id='word_1_65' title='bbox 574 937 658 997; x_wconf 92' lang='lat' dir='ltr'>enim</span> <span class='ocrx_word' id='word_1_66' title='bbox 676 936 766 998; x_wconf 90' lang='lat' dir='ltr'>habet</span> <span class='ocrx_word' id='word_1_67' title='bbox 790 936 957 998; x_wconf 75' lang='lat' dir='ltr'>Concilium</span> <span class='ocrx_word' id='word_1_68' title='bbox 985 935 1073 1018; x_wconf 89' lang='lat' dir='ltr'>(sess.</span> <span class='ocrx_word' id='word_1_69' title='bbox 1096 941 1155 1010; x_wconf 76' lang='lat' dir='ltr'>tt,</span> 
     </span>
     <span class='ocr_line' id='line_1_9' title="bbox 177 1022 1156 1104; baseline 0.003 -19"><span class='ocrx_word' id='word_1_70' title='bbox 177 1041 243 1104; x_wconf 85' lang='lat' dir='ltr'>cap.</span> <span class='ocrx_word' id='word_1_71' title='bbox 262 1029 289 1097; x_wconf 89' lang='lat' dir='ltr'>l,</span> <span class='ocrx_word' id='word_1_72' title='bbox 308 1022 347 1084; x_wconf 78' lang='lat' dir='ltr'>ue</span> <span class='ocrx_word' id='word_1_73' title='bbox 359 1024 496 1104; x_wconf 71' lang='lat' dir='ltr'>reform.)</span> <span class='ocrx_word' id='word_1_74' title='bbox 511 1044 518 1084; x_wconf 91' lang='lat'>:</span> <span class='ocrx_word' id='word_1_75' title='bbox 537 1025 601 1086; x_wconf 84' lang='grc' dir='ltr'>«Εἰ</span> <span class='ocrx_word' id='word_1_76' title='bbox 611 1027 660 1087; x_wconf 91' lang='lat' dir='ltr'>cui</span> <span class='ocrx_word' id='word_1_77' title='bbox 674 1043 816 1088; x_wconf 89' lang='lat' dir='ltr'>ascensus</span> <span class='ocrx_word' id='word_1_78' title='bbox 831 1025 869 1087; x_wconf 88' lang='lat' dir='ltr'>ad</span> <span class='ocrx_word' id='word_1_79' title='bbox 884 1044 984 1087; x_wconf 90' lang='lat' dir='ltr'>sacros</span> <span class='ocrx_word' id='word_1_80' title='bbox 999 1025 1124 1088; x_wconf 85' lang='lat' dir='ltr'>ordines</span> <span class='ocrx_word' id='word_1_81' title='bbox 1139 1029 1156 1088; x_wconf 78' lang='lat' dir='ltr'>a</span> 
     </span>
     <span class='ocr_line' id='line_1_10' title="bbox 182 1112 1157 1196; baseline 0.004 -25"><span class='ocrx_word' id='word_1_82' title='bbox 182 1134 197 1171; x_wconf 80' lang='lat' dir='ltr'>a</span> <span class='ocrx_word' id='word_1_83' title='bbox 218 1130 273 1173; x_wconf 93' lang='lat' dir='ltr'>suo</span> <span class='ocrx_word' id='word_1_84' title='bbox 294 1112 437 1188; x_wconf 78' lang='lat' dir='ltr'>Praeleto,</span> <span class='ocrx_word' id='word_1_85' title='bbox 454 1133 491 1174; x_wconf 84' lang='lat' dir='ltr'>ex</span> <span class='ocrx_word' id='word_1_86' title='bbox 510 1117 704 1196; x_wconf 74' lang='lat' dir='ltr'>quacumque</span> <span class='ocrx_word' id='word_1_87' title='bbox 719 1117 824 1184; x_wconf 77' lang='lat' dir='ltr'>causa,</span> <span class='ocrx_word' id='word_1_88' title='bbox 841 1114 931 1176; x_wconf 87' lang='lat' dir='ltr'>etiam</span> <span class='ocrx_word' id='word_1_89' title='bbox 945 1115 985 1175; x_wconf 92' lang='lat' dir='ltr'>ob</span> <span class='ocrx_word' id='word_1_90' title='bbox 999 1115 1157 1176; x_wconf 89' lang='lat' dir='ltr'>occultum</span> 
     </span>
     <span class='ocr_line' id='line_1_11' title="bbox 183 1201 1162 1284; baseline 0.004 -26"><span class='ocrx_word' id='word_1_91' title='bbox 183 1201 358 1276; x_wconf 81' lang='lat' dir='ltr'>«crimen,</span> <span class='ocrx_word' id='word_1_92' title='bbox 386 1202 636 1281; x_wconf 76' lang='lat' dir='ltr'>quomodolibet,</span> <span class='ocrx_word' id='word_1_93' title='bbox 661 1202 750 1264; x_wconf 89' lang='lat' dir='ltr'>etiam</span> <span class='ocrx_word' id='word_1_94' title='bbox 775 1202 1038 1284; x_wconf 84' lang='lat' dir='ltr'>extrajudicialiter</span> <span class='ocrx_word' id='word_1_95' title='bbox 1066 1201 1162 1264; x_wconf 87' lang='lat' dir='ltr'>fuerit</span> 
     </span>
     <span class='ocr_line' id='line_1_12' title="bbox 184 1289 1159 1370; baseline 0.006 -24"><span class='ocrx_word' id='word_1_96' title='bbox 184 1311 198 1346; x_wconf 83' lang='lat' dir='ltr'>o</span> <span class='ocrx_word' id='word_1_97' title='bbox 219 1289 411 1364; x_wconf 85' lang='lat' dir='ltr'>interdictus,</span> <span class='ocrx_word' id='word_1_98' title='bbox 427 1297 478 1350; x_wconf 88' lang='lat' dir='ltr'>aut</span> <span class='ocrx_word' id='word_1_99' title='bbox 497 1293 549 1370; x_wconf 91' lang='lat' dir='ltr'>qui</span> <span class='ocrx_word' id='word_1_100' title='bbox 565 1293 581 1352; x_wconf 79' lang='lat' dir='ltr'>i</span> <span class='ocrx_word' id='word_1_101' title='bbox 598 1293 661 1353; x_wconf 91' lang='lat' dir='ltr'>suis</span> <span class='ocrx_word' id='word_1_102' title='bbox 675 1291 852 1364; x_wconf 84' lang='lat' dir='ltr'>ordinibus,</span> <span class='ocrx_word' id='word_1_103' title='bbox 869 1310 922 1352; x_wconf 92' lang='lat' dir='ltr'>seu</span> <span class='ocrx_word' id='word_1_104' title='bbox 937 1290 1098 1370; x_wconf 82' lang='lat' dir='ltr'>gradibus,</span> <span class='ocrx_word' id='word_1_105' title='bbox 1111 1292 1159 1352; x_wconf 92' lang='lat' dir='ltr'>vel</span> 
     </span>
     <span class='ocr_line' id='line_1_13' title="bbox 184 1377 1161 1460; baseline 0.004 -24"><span class='ocrx_word' id='word_1_106' title='bbox 184 1401 198 1436; x_wconf 83' lang='lat' dir='ltr'>r</span> <span class='ocrx_word' id='word_1_107' title='bbox 219 1377 420 1457; x_wconf 84' lang='lat' dir='ltr'>Dignitatibus</span> <span class='ocrx_word' id='word_1_108' title='bbox 429 1380 635 1442; x_wconf 84' lang='lat' dir='ltr'>ecclesiasticis</span> <span class='ocrx_word' id='word_1_109' title='bbox 647 1379 735 1442; x_wconf 84' lang='lat' dir='ltr'>fuerit</span> <span class='ocrx_word' id='word_1_110' title='bbox 750 1399 929 1460; x_wconf 91' lang='lat' dir='ltr'>suspensus,</span> <span class='ocrx_word' id='word_1_111' title='bbox 943 1379 1036 1454; x_wconf 90' lang='lat' dir='ltr'>nulla,</span> <span class='ocrx_word' id='word_1_112' title='bbox 1050 1385 1161 1441; x_wconf 86' lang='lat' dir='ltr'>contra</span> 
     </span>
     <span class='ocr_line' id='line_1_14' title="bbox 185 1467 1160 1548; baseline 0.005 -24"><span class='ocrx_word' id='word_1_113' title='bbox 185 1489 199 1524; x_wconf 84' lang='lat' dir='ltr'>o</span> <span class='ocrx_word' id='word_1_114' title='bbox 220 1467 313 1546; x_wconf 89' lang='lat' dir='ltr'>ipsius</span> <span class='ocrx_word' id='word_1_115' title='bbox 329 1468 444 1528; x_wconf 81' lang='lat' dir='ltr'>Praelati</span> <span class='ocrx_word' id='word_1_116' title='bbox 467 1468 670 1545; x_wconf 83' lang='lat' dir='ltr'>voluntatem,</span> <span class='ocrx_word' id='word_1_117' title='bbox 691 1487 835 1530; x_wconf 87' lang='lat' dir='ltr'>concessa</span> <span class='ocrx_word' id='word_1_118' title='bbox 849 1469 967 1530; x_wconf 89' lang='lat' dir='ltr'>licentia</span> <span class='ocrx_word' id='word_1_119' title='bbox 986 1468 1024 1528; x_wconf 90' lang='lat' dir='ltr'>de</span> <span class='ocrx_word' id='word_1_120' title='bbox 1038 1486 1071 1529; x_wconf 91' lang='lat' dir='ltr'>se</span> <span class='ocrx_word' id='word_1_121' title='bbox 1087 1487 1160 1548; x_wconf 93' lang='lat' dir='ltr'>pro-</span> 
     </span>
     <span class='ocr_line' id='line_1_15' title="bbox 185 1555 1163 1638; baseline 0.004 -24"><span class='ocrx_word' id='word_1_122' title='bbox 185 1578 200 1614; x_wconf 88' lang='lat'>«</span> <span class='ocrx_word' id='word_1_123' title='bbox 220 1557 331 1617; x_wconf 89' lang='lat' dir='ltr'>moveri</span> <span class='ocrx_word' id='word_1_124' title='bbox 347 1555 499 1632; x_wconf 82' lang='lat' dir='ltr'>faciendo,</span> <span class='ocrx_word' id='word_1_125' title='bbox 511 1557 608 1618; x_wconf 91' lang='lat' dir='ltr'>autad</span> <span class='ocrx_word' id='word_1_126' title='bbox 622 1558 737 1638; x_wconf 85' lang='lat' dir='ltr'>priores</span> <span class='ocrx_word' id='word_1_127' title='bbox 750 1557 883 1634; x_wconf 76' lang='lat' dir='ltr'>ordinm,</span> <span class='ocrx_word' id='word_1_128' title='bbox 894 1556 1006 1638; x_wconf 87' lang='lat' dir='ltr'>gradus</span> <span class='ocrx_word' id='word_1_129' title='bbox 1015 1564 1044 1618; x_wconf 90' lang='lat' dir='ltr'>et</span> <span class='ocrx_word' id='word_1_130' title='bbox 1054 1557 1163 1638; x_wconf 89' lang='lat' dir='ltr'>Digni·</span> 
     </span>
     <span class='ocr_line' id='line_1_16' title="bbox 185 1645 909 1726; baseline 0.007 -24"><span class='ocrx_word' id='word_1_131' title='bbox 185 1666 200 1702; x_wconf 85' lang='lat' dir='ltr'>u</span> <span class='ocrx_word' id='word_1_132' title='bbox 220 1650 294 1707; x_wconf 86' lang='lat' dir='ltr'>tates</span> <span class='ocrx_word' id='word_1_133' title='bbox 308 1645 368 1706; x_wconf 83' lang='lat' dir='ltr'>sire</span> <span class='ocrx_word' id='word_1_134' title='bbox 382 1645 512 1706; x_wconf 90' lang='lat' dir='ltr'>honores</span> <span class='ocrx_word' id='word_1_135' title='bbox 526 1645 674 1708; x_wconf 85' lang='lat' dir='ltr'>restitutio</span> <span class='ocrx_word' id='word_1_136' title='bbox 688 1645 867 1726; x_wconf 86' lang='lat' dir='ltr'>suffragetur</span> <span class='ocrx_word' id='word_1_137' title='bbox 880 1668 909 1707; x_wconf 82' lang='lat' dir='ltr'>n.</span> 
     </span>
    </p>

    <p class='ocr_par' dir='ltr' id='par_1_3' title="bbox 181 1733 1167 2614">
     <span class='ocr_line' id='line_1_17' title="bbox 220 1733 1166 1816; baseline 0 -20"><span class='ocrx_word' id='word_1_138' title='bbox 220 1737 252 1796; x_wconf 75' lang='grc' dir='ltr'>3ο</span> <span class='ocrx_word' id='word_1_139' title='bbox 273 1737 340 1796; x_wconf 91' lang='lat' dir='ltr'>Non</span> <span class='ocrx_word' id='word_1_140' title='bbox 363 1736 450 1816; x_wconf 90' lang='lat' dir='ltr'>pauci</span> <span class='ocrx_word' id='word_1_141' title='bbox 472 1734 651 1811; x_wconf 87' lang='lat' dir='ltr'>canonistae,</span> <span class='ocrx_word' id='word_1_142' title='bbox 677 1735 729 1796; x_wconf 91' lang='lat' dir='ltr'>sed</span> <span class='ocrx_word' id='word_1_143' title='bbox 750 1735 886 1816; x_wconf 86' lang='lat' dir='ltr'>plerique</span> <span class='ocrx_word' id='word_1_144' title='bbox 907 1741 956 1795; x_wconf 90' lang='lat' dir='ltr'>aut</span> <span class='ocrx_word' id='word_1_145' title='bbox 976 1733 1166 1796; x_wconf 77' lang='lat' dir='ltr'>lansenistae</span> 
     </span>
     <span class='ocr_line' id='line_1_18' title="bbox 181 1823 1165 1904; baseline -0.002 -18"><span class='ocrx_word' id='word_1_146' title='bbox 181 1829 231 1886; x_wconf 85' lang='lat' dir='ltr'>aut</span> <span class='ocrx_word' id='word_1_147' title='bbox 242 1824 404 1898; x_wconf 83' lang='lat' dir='ltr'>Gallicani,</span> <span class='ocrx_word' id='word_1_148' title='bbox 420 1831 508 1904; x_wconf 89' lang='lat' dir='ltr'>prout</span> <span class='ocrx_word' id='word_1_149' title='bbox 527 1826 588 1884; x_wconf 89' lang='lat' dir='ltr'>Van</span> <span class='ocrx_word' id='word_1_150' title='bbox 607 1825 705 1904; x_wconf 87' lang='lat' dir='ltr'>Espen</span> <span class='ocrx_word' id='word_1_151' title='bbox 721 1831 749 1884; x_wconf 90' lang='lat' dir='ltr'>et</span> <span class='ocrx_word' id='word_1_152' title='bbox 761 1823 879 1899; x_wconf 87' lang='lat' dir='ltr'>Gibert,</span> <span class='ocrx_word' id='word_1_153' title='bbox 896 1823 1107 1884; x_wconf 90' lang='lat' dir='ltr'>sustinuerunt</span> <span class='ocrx_word' id='word_1_154' title='bbox 1120 1823 1165 1884; x_wconf 78' lang='lat' dir='ltr'>ita</span> 
     </span>
     <span class='ocr_line' id='line_1_19' title="bbox 182 1911 1164 1992; baseline -0.002 -18"><span class='ocrx_word' id='word_1_155' title='bbox 182 1931 247 1976; x_wconf 88' lang='lat' dir='ltr'>esse</span> <span class='ocrx_word' id='word_1_156' title='bbox 265 1913 493 1992; x_wconf 90' lang='lat' dir='ltr'>intelligendum</span> <span class='ocrx_word' id='word_1_157' title='bbox 510 1911 666 1992; x_wconf 80' lang='lat' dir='ltr'>praefatum</span> <span class='ocrx_word' id='word_1_158' title='bbox 680 1914 861 1986; x_wconf 86' lang='lat' dir='ltr'>Decretum,</span> <span class='ocrx_word' id='word_1_159' title='bbox 878 1918 910 1972; x_wconf 92' lang='lat' dir='ltr'>ut</span> <span class='ocrx_word' id='word_1_160' title='bbox 925 1913 1019 1992; x_wconf 87' lang='lat' dir='ltr'>possit</span> <span class='ocrx_word' id='word_1_161' title='bbox 1033 1911 1164 1990; x_wconf 86' lang='lat' dir='ltr'>quidem</span> 
     </span>
     <span class='ocr_line' id='line_1_20' title="bbox 183 1997 1160 2082; baseline 0 -22"><span class='ocrx_word' id='word_1_162' title='bbox 183 2001 348 2082; x_wconf 81' lang='lat' dir='ltr'>Episcopus</span> <span class='ocrx_word' id='word_1_163' title='bbox 360 2018 519 2060; x_wconf 88' lang='lat' dir='ltr'>ascensum</span> <span class='ocrx_word' id='word_1_164' title='bbox 529 2000 566 2059; x_wconf 89' lang='lat' dir='ltr'>ad</span> <span class='ocrx_word' id='word_1_165' title='bbox 577 2000 698 2061; x_wconf 91' lang='lat' dir='ltr'>ordines</span> <span class='ocrx_word' id='word_1_166' title='bbox 712 1999 859 2081; x_wconf 90' lang='lat' dir='ltr'>impedire</span> <span class='ocrx_word' id='word_1_167' title='bbox 869 1997 1160 2080; x_wconf 79' lang='lat' dir='ltr'>ectrojodicioliter,</span> 
     </span>
     <span class='ocr_line' id='line_1_21' title="bbox 182 2087 1162 2169; baseline -0.001 -19"><span class='ocrx_word' id='word_1_168' title='bbox 182 2089 272 2150; x_wconf 83' lang='lat' dir='ltr'>etiam</span> <span class='ocrx_word' id='word_1_169' title='bbox 287 2089 322 2149; x_wconf 82' lang='lat' dir='ltr'>ob</span> <span class='ocrx_word' id='word_1_170' title='bbox 333 2089 469 2148; x_wconf 85' lang='lat' dir='ltr'>delictum</span> <span class='ocrx_word' id='word_1_171' title='bbox 485 2087 641 2162; x_wconf 79' lang='lat' dir='ltr'>ocmltum,</span> <span class='ocrx_word' id='word_1_172' title='bbox 659 2107 719 2149; x_wconf 93' lang='lat' dir='ltr'>non</span> <span class='ocrx_word' id='word_1_173' title='bbox 735 2099 835 2150; x_wconf 89' lang='lat' dir='ltr'>autem</span> <span class='ocrx_word' id='word_1_174' title='bbox 849 2090 866 2149; x_wconf 77' lang='lat' dir='ltr'>a</span> <span class='ocrx_word' id='word_1_175' title='bbox 881 2089 1026 2169; x_wconf 90' lang='lat' dir='ltr'>susceptis</span> <span class='ocrx_word' id='word_1_176' title='bbox 1038 2088 1162 2149; x_wconf 90' lang='lat' dir='ltr'>ordini-</span> 
     </span>
     <span class='ocr_line' id='line_1_22' title="bbox 184 2177 1161 2258; baseline 0.001 -21"><span class='ocrx_word' id='word_1_177' title='bbox 184 2179 239 2239; x_wconf 89' lang='lat' dir='ltr'>bus</span> <span class='ocrx_word' id='word_1_178' title='bbox 253 2185 302 2239; x_wconf 89' lang='lat' dir='ltr'>aut</span> <span class='ocrx_word' id='word_1_179' title='bbox 313 2177 507 2258; x_wconf 78' lang='lat' dir='ltr'>dignitatibus</span> <span class='ocrx_word' id='word_1_180' title='bbox 521 2177 729 2239; x_wconf 88' lang='lat' dir='ltr'>ecclesiasticis</span> <span class='ocrx_word' id='word_1_181' title='bbox 743 2178 783 2238; x_wconf 91' lang='lat' dir='ltr'>ob</span> <span class='ocrx_word' id='word_1_182' title='bbox 797 2178 855 2238; x_wconf 89' lang='lat' dir='ltr'>tale</span> <span class='ocrx_word' id='word_1_183' title='bbox 868 2177 1161 2258; x_wconf 81' lang='lat' dir='ltr'>tlelictumsuspen-</span> 
     </span>
     <span class='ocr_line' id='line_1_23' title="bbox 183 2265 1166 2347; baseline -0.001 -19"><span class='ocrx_word' id='word_1_184' title='bbox 183 2267 265 2340; x_wconf 86' lang='lat' dir='ltr'>dere,</span> <span class='ocrx_word' id='word_1_185' title='bbox 291 2268 327 2328; x_wconf 87' lang='lat' dir='ltr'>ed</span> <span class='ocrx_word' id='word_1_186' title='bbox 352 2266 435 2347; x_wconf 87' lang='lat' dir='ltr'>qubd</span> <span class='ocrx_word' id='word_1_187' title='bbox 460 2285 503 2328; x_wconf 86' lang='lat' dir='ltr'>eae</span> <span class='ocrx_word' id='word_1_188' title='bbox 530 2284 617 2328; x_wconf 89' lang='lat' dir='ltr'>voees</span> <span class='ocrx_word' id='word_1_189' title='bbox 640 2265 927 2346; x_wconf 78' lang='lat' dir='ltr'>ectrojudicioliter,</span> <span class='ocrx_word' id='word_1_190' title='bbox 955 2265 989 2325; x_wconf 83' lang='lat' dir='ltr'>od</span> <span class='ocrx_word' id='word_1_191' title='bbox 1014 2265 1166 2327; x_wconf 86' lang='lat' dir='ltr'>occultum</span> 
     </span>
     <span class='ocr_line' id='line_1_24' title="bbox 182 2354 1164 2437; baseline -0.001 -20"><span class='ocrx_word' id='word_1_192' title='bbox 182 2357 316 2432; x_wconf 82' lang='lat' dir='ltr'>crimen,</span> <span class='ocrx_word' id='word_1_193' title='bbox 331 2356 422 2437; x_wconf 88' lang='lat' dir='ltr'>priori</span> <span class='ocrx_word' id='word_1_194' title='bbox 444 2357 559 2418; x_wconf 82' lang='lat' dir='ltr'>tantum</span> <span class='ocrx_word' id='word_1_195' title='bbox 586 2355 724 2416; x_wconf 90' lang='lat' dir='ltr'>membro</span> <span class='ocrx_word' id='word_1_196' title='bbox 740 2354 884 2434; x_wconf 86' lang='lat' dir='ltr'>phraseos</span> <span class='ocrx_word' id='word_1_197' title='bbox 901 2356 1081 2433; x_wconf 48' lang='lat' dir='ltr'>iungantur,</span> <span class='ocrx_word' id='word_1_198' title='bbox 1097 2374 1164 2416; x_wconf 92' lang='lat' dir='ltr'>noo</span> 
     </span>
     <span class='ocr_line' id='line_1_25' title="bbox 182 2441 1167 2527; baseline -0.001 -21"><span class='ocrx_word' id='word_1_199' title='bbox 182 2453 283 2508; x_wconf 84' lang='lat' dir='ltr'>autern</span> <span class='ocrx_word' id='word_1_200' title='bbox 298 2445 465 2527; x_wconf 89' lang='lat' dir='ltr'>posteriori.</span> <span class='ocrx_word' id='word_1_201' title='bbox 483 2445 541 2506; x_wconf 87' lang='lat' dir='ltr'>Sed</span> <span class='ocrx_word' id='word_1_202' title='bbox 558 2445 622 2506; x_wconf 86' lang='lat' dir='ltr'>haec</span> <span class='ocrx_word' id='word_1_203' title='bbox 636 2443 841 2524; x_wconf 84' lang='lat' dir='ltr'>interpretatio</span> <span class='ocrx_word' id='word_1_204' title='bbox 856 2443 1014 2525; x_wconf 88' lang='lat' dir='ltr'>reprobata</span> <span class='ocrx_word' id='word_1_205' title='bbox 1029 2441 1086 2504; x_wconf 88' lang='lat' dir='ltr'>luit</span> <span class='ocrx_word' id='word_1_206' title='bbox 1097 2445 1167 2524; x_wconf 84' lang='lat' dir='ltr'>plu·</span> 
     </span>
     <span class='ocr_line' id='line_1_26' title="bbox 183 2534 606 2614; baseline -0.002 -21"><span class='ocrx_word' id='word_1_207' title='bbox 183 2535 241 2596; x_wconf 88' lang='lat' dir='ltr'>ries</span> <span class='ocrx_word' id='word_1_208' title='bbox 255 2538 271 2596; x_wconf 81' lang='lat' dir='ltr'>a</span> <span class='ocrx_word' id='word_1_209' title='bbox 285 2538 315 2596; x_wconf 85' lang='lat' dir='ltr'>S.</span> <span class='ocrx_word' id='word_1_210' title='bbox 333 2536 442 2614; x_wconf 83' lang='lat' dir='ltr'>Gongr.</span> <span class='ocrx_word' id='word_1_211' title='bbox 459 2534 584 2595; x_wconf 85' lang='lat' dir='ltr'>Concilii</span> <span class='ocrx_word' id='word_1_212' title='bbox 599 2553 606 2592; x_wconf 91' lang='lat'>:</span> 
     </span>
    </p>

    <p class='ocr_par' dir='ltr' id='par_1_4' title="bbox 186 2619 1165 3598">
     <span class='ocr_line' id='line_1_27' title="bbox 226 2619 1165 2702; baseline 0 -20"><span class='ocrx_word' id='word_1_213' title='bbox 226 2647 242 2682; x_wconf 84' lang='lat' dir='ltr'>tt</span> <span class='ocrx_word' id='word_1_214' title='bbox 265 2629 309 2684; x_wconf 83' lang='lat' dir='ltr'>An</span> <span class='ocrx_word' id='word_1_215' title='bbox 325 2624 414 2684; x_wconf 88' lang='lat' dir='ltr'>verba</span> <span class='ocrx_word' id='word_1_216' title='bbox 427 2624 476 2683; x_wconf 88' lang='lat' dir='ltr'>illa</span> <span class='ocrx_word' id='word_1_217' title='bbox 490 2623 526 2682; x_wconf 77' lang='lat' dir='ltr'>ob</span> <span class='ocrx_word' id='word_1_218' title='bbox 540 2621 684 2683; x_wconf 86' lang='lat' dir='ltr'>occultum</span> <span class='ocrx_word' id='word_1_219' title='bbox 695 2620 817 2695; x_wconf 84' lang='lat' dir='ltr'>crimen,</span> <span class='ocrx_word' id='word_1_220' title='bbox 828 2619 1054 2702; x_wconf 79' lang='lat' dir='ltr'>quomodolibet,</span> <span class='ocrx_word' id='word_1_221' title='bbox 1068 2623 1165 2682; x_wconf 78' lang='lat' dir='ltr'>etiem</span> 
     </span>
     <span class='ocr_line' id='line_1_28' title="bbox 187 2710 1160 2792; baseline -0.002 -20"><span class='ocrx_word' id='word_1_222' title='bbox 187 2735 203 2772; x_wconf 84' lang='lat' dir='ltr'>o</span> <span class='ocrx_word' id='word_1_223' title='bbox 222 2711 512 2792; x_wconf 79' lang='lat' dir='ltr'>ectrojodieioliter,</span> <span class='ocrx_word' id='word_1_224' title='bbox 527 2729 668 2792; x_wconf 85' lang='lat' dir='ltr'>expressa</span> <span class='ocrx_word' id='word_1_225' title='bbox 685 2710 830 2772; x_wconf 86' lang='lat' dir='ltr'>duntaxat</span> <span class='ocrx_word' id='word_1_226' title='bbox 847 2711 879 2770; x_wconf 91' lang='lat' dir='ltr'>in</span> <span class='ocrx_word' id='word_1_227' title='bbox 895 2711 991 2790; x_wconf 79' lang='lat' dir='ltr'>prima</span> <span class='ocrx_word' id='word_1_228' title='bbox 1007 2715 1091 2789; x_wconf 87' lang='lat' dir='ltr'>perte</span> <span class='ocrx_word' id='word_1_229' title='bbox 1103 2730 1160 2790; x_wconf 89' lang='lat' dir='ltr'>pe-</span> 
     </span>
     <span class='ocr_line' id='line_1_29' title="bbox 188 2797 1163 2881; baseline 0 -21"><span class='ocrx_word' id='word_1_230' title='bbox 188 2825 202 2860; x_wconf 86' lang='lat'>«</span> <span class='ocrx_word' id='word_1_231' title='bbox 222 2802 317 2876; x_wconf 90' lang='lat' dir='ltr'>riodi,</span> <span class='ocrx_word' id='word_1_232' title='bbox 342 2809 523 2862; x_wconf 85' lang='lat' dir='ltr'>censeantur</span> <span class='ocrx_word' id='word_1_233' title='bbox 541 2799 666 2881; x_wconf 89' lang='lat' dir='ltr'>repetita</span> <span class='ocrx_word' id='word_1_234' title='bbox 693 2800 724 2859; x_wconf 93' lang='lat' dir='ltr'>in</span> <span class='ocrx_word' id='word_1_235' title='bbox 748 2798 880 2859; x_wconf 81' lang='lat' dir='ltr'>secunde</span> <span class='ocrx_word' id='word_1_236' title='bbox 904 2805 1002 2878; x_wconf 88' lang='lat' dir='ltr'>parte,</span> <span class='ocrx_word' id='word_1_237' title='bbox 1024 2797 1102 2859; x_wconf 87' lang='lat' dir='ltr'>aded</span> <span class='ocrx_word' id='word_1_238' title='bbox 1128 2805 1163 2860; x_wconf 86' lang='lat' dir='ltr'>ut</span> 
     </span>
     <span class='ocr_line' id='line_1_30' title="bbox 187 2886 1162 2972; baseline 0 -23"><span class='ocrx_word' id='word_1_239' title='bbox 187 2913 202 2949; x_wconf 80' lang='lat' dir='ltr'>r</span> <span class='ocrx_word' id='word_1_240' title='bbox 222 2892 293 2952; x_wconf 89' lang='lat' dir='ltr'>inde</span> <span class='ocrx_word' id='word_1_241' title='bbox 307 2891 407 2972; x_wconf 83' lang='lat' dir='ltr'>colligi</span> <span class='ocrx_word' id='word_1_242' title='bbox 422 2891 516 2952; x_wconf 84' lang='lat' dir='ltr'>valeat</span> <span class='ocrx_word' id='word_1_243' title='bbox 527 2889 697 2963; x_wconf 75' lang='lat' dir='ltr'>metatum,</span> <span class='ocrx_word' id='word_1_244' title='bbox 715 2886 828 2948; x_wconf 90' lang='lat' dir='ltr'>nedum</span> <span class='ocrx_word' id='word_1_245' title='bbox 843 2905 942 2966; x_wconf 90' lang='lat' dir='ltr'>posse,</span> <span class='ocrx_word' id='word_1_246' title='bbox 955 2886 1162 2949; x_wconf 90' lang='lat' dir='ltr'>oboccultum</span> 
     </span>
     <span class='ocr_line' id='line_1_31' title="bbox 187 2974 1160 3058; baseline -0.002 -20"><span class='ocrx_word' id='word_1_247' title='bbox 187 3003 202 3038; x_wconf 80' lang='lat' dir='ltr'>a</span> <span class='ocrx_word' id='word_1_248' title='bbox 222 2985 339 3044; x_wconf 91' lang='lat' dir='ltr'>crimen</span> <span class='ocrx_word' id='word_1_249' title='bbox 360 2979 636 3058; x_wconf 78' lang='lat' dir='ltr'>extrajudicialiter,</span> <span class='ocrx_word' id='word_1_250' title='bbox 654 2976 831 3038; x_wconf 89' lang='lat' dir='ltr'>interdicere</span> <span class='ocrx_word' id='word_1_251' title='bbox 846 2994 901 3037; x_wconf 92' lang='lat' dir='ltr'>suo</span> <span class='ocrx_word' id='word_1_252' title='bbox 917 2974 1038 3036; x_wconf 88' lang='lat' dir='ltr'>subdito</span> <span class='ocrx_word' id='word_1_253' title='bbox 1052 2992 1160 3036; x_wconf 89' lang='lat' dir='ltr'>ascen·</span> 
     </span>
     <span class='ocr_line' id='line_1_32' title="bbox 187 3064 1162 3144; baseline -0.004 -14"><span class='ocrx_word' id='word_1_254' title='bbox 187 3093 202 3130; x_wconf 81' lang='lat' dir='ltr'>o</span> <span class='ocrx_word' id='word_1_255' title='bbox 223 3090 291 3133; x_wconf 92' lang='lat' dir='ltr'>sum</span> <span class='ocrx_word' id='word_1_256' title='bbox 306 3070 343 3131; x_wconf 90' lang='lat' dir='ltr'>ad</span> <span class='ocrx_word' id='word_1_257' title='bbox 357 3069 497 3140; x_wconf 90' lang='lat' dir='ltr'>ordines,</span> <span class='ocrx_word' id='word_1_258' title='bbox 514 3067 566 3127; x_wconf 90' lang='lat' dir='ltr'>sed</span> <span class='ocrx_word' id='word_1_259' title='bbox 590 3065 691 3126; x_wconf 86' lang='lat' dir='ltr'>itidem</span> <span class='ocrx_word' id='word_1_260' title='bbox 710 3065 749 3125; x_wconf 92' lang='lat' dir='ltr'>ob</span> <span class='ocrx_word' id='word_1_261' title='bbox 770 3064 922 3126; x_wconf 90' lang='lat' dir='ltr'>occultum</span> <span class='ocrx_word' id='word_1_262' title='bbox 936 3064 1053 3125; x_wconf 88' lang='lat' dir='ltr'>crimen</span> <span class='ocrx_word' id='word_1_263' title='bbox 1070 3068 1162 3144; x_wconf 59' lang='lat' dir='ltr'>posse*</span> 
     </span>
     <span class='ocr_line' id='line_1_33' title="bbox 188 3152 1160 3236; baseline -0.006 -16"><span class='ocrx_word' id='word_1_264' title='bbox 188 3184 202 3220; x_wconf 76' lang='lat' dir='ltr'>a</span> <span class='ocrx_word' id='word_1_265' title='bbox 223 3162 313 3222; x_wconf 86' lang='lat' dir='ltr'>etiarn</span> <span class='ocrx_word' id='word_1_266' title='bbox 336 3155 598 3235; x_wconf 80' lang='lat' dir='ltr'>extrajudtciattter</span> <span class='ocrx_word' id='word_1_267' title='bbox 619 3153 704 3216; x_wconf 89' lang='lat' dir='ltr'>illurn</span> <span class='ocrx_word' id='word_1_268' title='bbox 731 3153 917 3236; x_wconf 90' lang='lat' dir='ltr'>suspendere</span> <span class='ocrx_word' id='word_1_269' title='bbox 938 3153 978 3214; x_wconf 91' lang='lat' dir='ltr'>ob</span> <span class='ocrx_word' id='word_1_270' title='bbox 999 3152 1160 3214; x_wconf 89' lang='lat' dir='ltr'>ordinibus</span> 
     </span>
     <span class='ocr_line' id='line_1_34' title="bbox 187 3239 1160 3331; baseline -0.007 -23"><span class='ocrx_word' id='word_1_271' title='bbox 187 3273 202 3308; x_wconf 80' lang='lat' dir='ltr'>a</span> <span class='ocrx_word' id='word_1_272' title='bbox 219 3249 282 3331; x_wconf 81' lang='lat' dir='ltr'>J‘am</span> <span class='ocrx_word' id='word_1_273' title='bbox 298 3247 459 3326; x_wconf 88' lang='lat' dir='ltr'>susceptis:</span> <span class='ocrx_word' id='word_1_274' title='bbox 474 3279 511 3290; x_wconf 92' lang='lat'><em>-</em></span> <span class='ocrx_word' id='word_1_275' title='bbox 525 3245 557 3306; x_wconf 87' lang='lat' dir='ltr'>S.</span> <span class='ocrx_word' id='word_1_276' title='bbox 573 3244 683 3324; x_wconf 80' lang='lat' dir='ltr'>Congo.</span> <span class='ocrx_word' id='word_1_277' title='bbox 700 3243 749 3304; x_wconf 89' lang='lat' dir='ltr'>die</span> <span class='ocrx_word' id='word_1_278' title='bbox 762 3246 802 3304; x_wconf 75' lang='lat' dir='ltr'>rt</span> <span class='ocrx_word' id='word_1_279' title='bbox 814 3260 884 3303; x_wconf 91' lang='lat' dir='ltr'>nov.</span> <span class='ocrx_word' id='word_1_280' title='bbox 902 3245 991 3316; x_wconf 77' lang='lat' dir='ltr'>tear,</span> <span class='ocrx_word' id='word_1_281' title='bbox 1008 3258 1040 3300; x_wconf 90' lang='lat' dir='ltr'>re</span> <span class='ocrx_word' id='word_1_282' title='bbox 1052 3239 1160 3302; x_wconf 83' lang='lat' dir='ltr'>seduld</span> 
     </span>
     <span class='ocr_line' id='line_1_35' title="bbox 186 3328 1160 3410; baseline -0.006 -13"><span class='ocrx_word' id='word_1_283' title='bbox 186 3363 201 3397; x_wconf 82' lang='lat' dir='ltr'>o</span> <span class='ocrx_word' id='word_1_284' title='bbox 222 3337 411 3408; x_wconf 79' lang='lat' dir='ltr'>examinata,</span> <span class='ocrx_word' id='word_1_285' title='bbox 435 3333 553 3396; x_wconf 90' lang='lat' dir='ltr'>censuit</span> <span class='ocrx_word' id='word_1_286' title='bbox 571 3351 632 3395; x_wconf 91' lang='lat' dir='ltr'>non</span> <span class='ocrx_word' id='word_1_287' title='bbox 654 3349 719 3393; x_wconf 90' lang='lat' dir='ltr'>esse</span> <span class='ocrx_word' id='word_1_288' title='bbox 740 3329 944 3392; x_wconf 88' lang='lat' dir='ltr'>recedendum</span> <span class='ocrx_word' id='word_1_289' title='bbox 966 3328 1004 3390; x_wconf 88' lang='lat' dir='ltr'>ab</span> <span class='ocrx_word' id='word_1_290' title='bbox 1025 3328 1160 3410; x_wconf 90' lang='lat' dir='ltr'>antiquis</span> 
     </span>
     <span class='ocr_line' id='line_1_36' title="bbox 188 3416 1158 3503; baseline -0.006 -19"><span class='ocrx_word' id='word_1_291' title='bbox 188 3451 202 3484; x_wconf 79' lang='lat' dir='ltr'>a</span> <span class='ocrx_word' id='word_1_292' title='bbox 221 3424 472 3488; x_wconf 88' lang='lat' dir='ltr'>declarationibus</span> <span class='ocrx_word' id='word_1_293' title='bbox 485 3439 576 3503; x_wconf 90' lang='lat' dir='ltr'>super</span> <span class='ocrx_word' id='word_1_294' title='bbox 587 3421 644 3483; x_wconf 92' lang='lat' dir='ltr'>hoc</span> <span class='ocrx_word' id='word_1_295' title='bbox 657 3420 764 3482; x_wconf 87' lang='lat' dir='ltr'>eodem</span> <span class='ocrx_word' id='word_1_296' title='bbox 779 3419 871 3481; x_wconf 89' lang='lat' dir='ltr'>dubio</span> <span class='ocrx_word' id='word_1_297' title='bbox 881 3419 995 3500; x_wconf 82' lang='lat' dir='ltr'>plnres</span> <span class='ocrx_word' id='word_1_298' title='bbox 1007 3416 1105 3493; x_wconf 88' lang='lat' dir='ltr'>datis;</span> <span class='ocrx_word' id='word_1_299' title='bbox 1123 3435 1158 3478; x_wconf 86' lang='lat' dir='ltr'>ac</span> 
     </span>
     <span class='ocr_line' id='line_1_37' title="bbox 187 3508 744 3598; baseline -0.011 -26"><span class='ocrx_word' id='word_1_300' title='bbox 187 3539 201 3572; x_wconf 81' lang='lat' dir='ltr'>o</span> <span class='ocrx_word' id='word_1_301' title='bbox 222 3516 350 3598; x_wconf 76' lang='lat' dir='ltr'>proinde</span> <span class='ocrx_word' id='word_1_302' title='bbox 360 3511 535 3575; x_wconf 73' lang='lat' dir='ltr'>affirmative</span> <span class='ocrx_word' id='word_1_303' title='bbox 550 3508 713 3591; x_wconf 90' lang='lat' dir='ltr'>respondit.</span> <span class='ocrx_word' id='word_1_304' title='bbox 729 3529 744 3566; x_wconf 80' lang='lat' dir='ltr'>o</span> 
     </span>
    </p>

    <p class='ocr_par' dir='ltr' id='par_1_5' title="bbox 184 3592 1157 3850">
     <span class='ocr_line' id='line_1_38' title="bbox 221 3592 1157 3683; baseline -0.013 -17"><span class='ocrx_word' id='word_1_305' title='bbox 221 3606 343 3666; x_wconf 89' lang='lat' dir='ltr'>Constat</span> <span class='ocrx_word' id='word_1_306' title='bbox 364 3621 452 3683; x_wconf 89' lang='lat' dir='ltr'>ergo,</span> <span class='ocrx_word' id='word_1_307' title='bbox 468 3603 529 3661; x_wconf 83' lang='lat' dir='ltr'>titm</span> <span class='ocrx_word' id='word_1_308' title='bbox 543 3617 580 3660; x_wconf 83' lang='lat' dir='ltr'>ex</span> <span class='ocrx_word' id='word_1_309' title='bbox 591 3597 703 3659; x_wconf 86' lang='lat' dir='ltr'>Concil.</span> <span class='ocrx_word' id='word_1_310' title='bbox 718 3595 852 3658; x_wconf 78' lang='lat' dir='ltr'>&#39;trident</span> <span class='ocrx_word' id='word_1_311' title='bbox 869 3596 961 3676; x_wconf 77' lang='lat' dir='ltr'>quant</span> <span class='ocrx_word' id='word_1_312' title='bbox 977 3611 1013 3654; x_wconf 85' lang='lat' dir='ltr'>ex</span> <span class='ocrx_word' id='word_1_313' title='bbox 1026 3592 1157 3654; x_wconf 90' lang='lat' dir='ltr'>auctori-</span> 
     </span>
     <span class='ocr_line' id='line_1_39' title="bbox 185 3680 1157 3768; baseline -0.011 -15"><span class='ocrx_word' id='word_1_314' title='bbox 185 3699 241 3754; x_wconf 84' lang='lat' dir='ltr'>tate</span> <span class='ocrx_word' id='word_1_315' title='bbox 256 3695 287 3754; x_wconf 91' lang='lat' dir='ltr'>S.</span> <span class='ocrx_word' id='word_1_316' title='bbox 304 3693 337 3753; x_wconf 79' lang='lat' dir='ltr'>G.</span> <span class='ocrx_word' id='word_1_317' title='bbox 353 3690 466 3752; x_wconf 86' lang='lat' dir='ltr'>Concil.</span> <span class='ocrx_word' id='word_1_318' title='bbox 482 3735 490 3765; x_wconf 91' lang='lat'>,</span> <span class='ocrx_word' id='word_1_319' title='bbox 505 3689 669 3768; x_wconf 85' lang='lat' dir='ltr'>Episcopos</span> <span class='ocrx_word' id='word_1_320' title='bbox 688 3685 798 3746; x_wconf 87' lang='lat' dir='ltr'>habere</span> <span class='ocrx_word' id='word_1_321' title='bbox 816 3689 992 3764; x_wconf 89' lang='lat' dir='ltr'>potestatem</span> <span class='ocrx_word' id='word_1_322' title='bbox 1012 3699 1048 3742; x_wconf 79' lang='lat' dir='ltr'>ex</span> <span class='ocrx_word' id='word_1_323' title='bbox 1061 3680 1157 3742; x_wconf 85' lang='lat' dir='ltr'>infor·</span> 
     </span>
     <span class='ocr_line' id='line_1_40' title="bbox 184 3769 1153 3850; baseline -0.006 -10"><span class='ocrx_word' id='word_1_324' title='bbox 184 3785 264 3842; x_wconf 82' lang='lat' dir='ltr'>trratti</span> <span class='ocrx_word' id='word_1_325' title='bbox 277 3779 477 3850; x_wconf 72' lang='lat' dir='ltr'>conscientia,</span> <span class='ocrx_word' id='word_1_326' title='bbox 494 3795 556 3839; x_wconf 91' lang='lat' dir='ltr'>non</span> <span class='ocrx_word' id='word_1_327' title='bbox 570 3777 669 3836; x_wconf 89' lang='lat' dir='ltr'>soltnn</span> <span class='ocrx_word' id='word_1_328' title='bbox 684 3773 804 3835; x_wconf 89' lang='lat' dir='ltr'>arcendi</span> <span class='ocrx_word' id='word_1_329' title='bbox 819 3772 856 3832; x_wconf 86' lang='lat' dir='ltr'>ab</span> <span class='ocrx_word' id='word_1_330' title='bbox 871 3769 1029 3832; x_wconf 90' lang='lat' dir='ltr'>ordinibus</span> <span class='ocrx_word' id='word_1_331' title='bbox 1041 3774 1153 3834; x_wconf 88' lang='lat' dir='ltr'>sacris.</span> 
     </span>
    </p>
   </div>
   <div class='ocr_carea' id='block_1_3' title="bbox 0 0 1294 4198">
    <p class='ocr_par' dir='ltr' id='par_1_6' title="bbox 0 0 1294 4198">
     <span class='ocr_line' id='line_1_41' title="bbox 0 0 1294 4198; baseline 0 0"><span class='ocrx_word' id='word_1_332' title='bbox 0 0 1294 4198; x_wconf 95' lang='lat' dir='ltr'> </span> 
     </span>
    </p>
   </div>
  </div>
 </body>
</html>
