2618 4212
180 265 236 327 llll
377 263 379 268 “
453 276 606 323 excusum
628 273 711 321 suars
731 271 877 318 catloltlct.

179 415 312 461 censura
328 394 512 477 plectuntur
525 393 749 455 constitutione
764 390 795 453 S.
811 390 891 454 Piill
907 392 1152 474 Quamprimum,

178 485 342 568 ljanuarii
362 487 446 547 1570.
860 509 864 514 ·
918 495 920 499 '

201 592 204 595 ’
220 593 267 650 lb.
284 586 471 665 colligentes
486 583 702 662 eleemosynas
712 582 840 664 majoris
852 584 943 664 pretii
960 601 1017 665 pro
1032 584 1150 662 missis,

180 687 262 740 etex
286 676 325 738 iis
347 676 472 736 lucrum
499 679 673 752 captantes
699 668 910 734 lactendoeas
935 672 1090 735 celebrari
1121 676 1153 736 in

180 767 256 829 iocis
270 765 324 827 ubi
340 764 507 824 missarum
523 759 679 842 stipendia
695 760 826 822 minoris
840 761 932 842 pretii
948 779 1014 824 esse
1036 763 1152 826 solent.

219 863 451 944 l3.0mnesqui
462 861 789 924 excommunicatione
803 863 999 926 mulctantur
1010 865 1041 925 in
1052 864 1155 928 Cons-

185 953 385 1028 titutionibus
413 949 445 1014 S.
476 950 521 1012 Pii
549 949 573 1013 t
599 949 743 1014 Admonet
766 969 827 1025 nos
857 959 967 1032 quarto
995 952 1154 1017 Kalendas

182 1043 290 1122 aprilis
313 1039 611 1115 l56'131nnocentii
635 1037 690 1112 tx,
717 1037 789 1114 Quoe
814 1041 850 1102 ud
867 1046 923 1102 truc
943 1035 1028 1116 Sede
1050 1043 1156 1122 pridie

181 1150 282 1196 nonas
304 1127 485 1193 novembris
513 1131 615 1204 15913
643 1125 811 1190 Clementis
838 1127 917 1206 Vlll,
947 1129 997 1191 Ad
1023 1130 1156 1194 Romani

178 1220 339 1302 Pontificio
352 1236 475 1292 curum,
491 1221 531 1278 26
547 1215 629 1299 junii
648 1219 724 1278 1592
741 1237 749 1292 3
767 1225 798 1278 et
818 1217 988 1280 Alexandri
1003 1218 1058 1281 Vll
1074 1219 1156 1282 Inter

179 1317 310 1384 caeteros,
321 1303 573 1369 nonoKalendas
583 1303 763 1366 novembris
778 1308 865 1380 1660,
881 1306 1108 1370 alienationem
1124 1321 1155 1372 et

180 1396 430 1460 infeudationem
442 1392 611 1456 civitatum
622 1401 653 1456 et
666 1393 817 1456 Locorum
832 1393 862 1456 S.
881 1395 915 1458 ll.
933 1395 969 1458 lt.
983 1397 1153 1477 respicien-

181 1485 277 1550 tibus.

220 1595 268 1653 rt.
296 1588 467 1668 Religiosos
482 1592 707 1668 praesumentes
726 1584 848 1647 clericis
867 1595 921 1648 aut
944 1587 1032 1650 laicis
1062 1599 1151 1655 extra

179 1699 288 1744 casum
331 1677 524 1740 necessitatis
552 1681 785 1738 sacramentum
813 1675 1153 1745 Extremae-chtionis

179 1780 233 1832 aut
249 1767 454 1831 Eucharistiae
471 1783 525 1846 per
539 1765 694 1827 Viaticum
711 1764 891 1828 ministrare
909 1765 1028 1848 absque
1054 1788 1151 1850 paro·

179 1859 228 1920 chi
246 1857 383 1920 licentia.

219 1964 266 2026 lb.
298 1961 508 2025 Extrahentes
529 1958 648 2039 absque
663 1957 803 2036 legitima
827 1959 919 2022 venia
939 1959 1091 2042 reliquias
1112 1984 1150 2028 ex

180 2053 276 2114 sacris
291 2050 478 2114 caemeteriis
492 2048 557 2111 sive
571 2047 766 2110 catacumbis
780 2047 873 2110 Urbis
898 2051 1004 2112 Romae
1018 2051 1151 2135 ejusque

179 2140 341 2214 territorii,
354 2140 463 2220 eisque
485 2137 638 2200 auxilium
655 2135 705 2200 vel
720 2135 856 2200 levorem
879 2138 1067 2220 praebentes.

219 2234 266 2291 ld.
284 2227 560 2291 Communicantes
575 2245 646 2288 cum
662 2227 935 2290 excommunicato
957 2233 1149 2294 nominatim

179 2337 194 2381 a
216 2319 300 2398 Papa
321 2317 500 2378 incrimine
521 2316 701 2390 criminoso,
733 2316 761 2376 ei
787 2316 906 2380 scilicet
932 2319 1152 2400 impendendo

177 2407 331 2472 auxilium
344 2405 393 2468 vel
411 2405 560 2467 savorem.

219 2519 265 2576 l'l.
296 2513 432 2576 lllericos
459 2511 592 2573 scienter
620 2518 650 2572 et
676 2519 788 2591 sponte
816 2515 1092 2580 communicantes
1118 2520 1151 2581 iu

176 2603 291 2665 divinis
311 2619 384 2664 cum
406 2601 581 2682 personisa
607 2599 750 2662 Romano
779 2601 931 2664 Pontifice
959 2607 1152 2671 nominatim

176 2691 461 2764 excommunicatis
481 2699 512 2752 et
527 2689 612 2771 ipsos
626 2689 659 2750 in
675 2689 784 2751 officiis
799 2690 995 2772 recipientes.

247 2867 564 2934 decommum'cotiones
578 2867 650 2928 totve
667 2867 819 2928 sententiae
833 2868 995 2952 Episcopus
1015 2871 1081 2934 sice

489 2969 664 3032 ordinariis
679 2977 845 3032 reservate.

213 3120 541 3187 Excommunicationi
580 3121 652 3184 latae
679 3121 842 3184 sententiae
881 3121 1047 3210 Episcopis
1083 3131 1146 3193 siva

173 3213 346 3281 Ordinariis
356 3218 519 3275 reservatae
534 3211 696 3291 subjacere
709 3210 909 3276 declaramus
928 3233 936 3276 ε

215 3308 243 3366 l.
262 3299 396 3366 Clericos
421 3300 453 3363 in
478 3301 574 3362 sacris
606 3301 792 3364 constitutos
817 3301 864 3364 vel
903 3302 1063 3382 regulares
1094 3323 1152 3374 aut

174 3393 407 3473 monialespost
424 3395 535 3453 votum
559 3388 700 3452 solemne
727 3389 878 3452 castitatis
905 3393 1151 3463 matrimonium

174 3482 359 3550 contrahere
372 3485 597 3562 presumentes
610 3497 755 3557 ;necnon
768 3497 880 3566 omnes
895 3499 968 3544 cum
988 3485 1097 3568 aliqua
1112 3508 1153 3554 ex

176 3570 331 3656 praedictis
358 3569 500 3650 personis
528 3569 765 3631 matrimonium
799 3565 987 3636 contrahere
1027 3569 1151 3658 praesu·

177 3669 305 3724 mentes.

215 3755 243 3812 t.
262 3748 471 3812 Procurantes
486 3744 644 3822 abortum,
662 3745 774 3810 effectu
785 3757 904 3814 secuto.
