2590 4208
189 229 253 311 tt'
463 261 618 308 eternum
638 259 720 306 runis
741 259 890 305 canorum.

189 397 354 460 opponere
367 373 518 440 erectioni
536 372 609 435 novi
625 377 818 447 conventus,
835 371 966 452 quando
982 381 1113 455 propter
1127 369 1166 432 il-

194 468 256 528 lam
278 467 350 547 jura
376 464 474 545 ipsius
498 460 664 525 laeduntur.
691 459 738 521 An
761 469 866 523 autem
891 463 918 524 vi
943 461 1167 545 predictarum

189 555 460 617 Constitutiouum
473 550 648 632 Episcopus
661 555 805 610 teneatur
819 567 873 612 eos
885 568 997 612 vocare
1012 558 1042 612 et
1059 548 1168 612 audire

194 651 363 722 antequam
378 640 538 702 licentiam
559 636 695 719 praebeat
714 649 905 700 conventam
921 638 1083 719 erigendi,
1101 637 1167 700 dis-

188 740 335 823 ceptatur
358 731 440 791 inter
467 727 666 799 canonistas,
694 734 729 787 ut
750 733 797 786 cst
817 725 923 790 videre
949 730 980 788 in
1003 727 1165 799 ilianmrli,

194 831 229 880 u0
244 819 342 892 2554,
359 827 437 894 etc,
461 816 514 878 sed
540 815 623 877 diota
648 813 837 876 Constitutio
862 816 942 877 nihil
969 819 1111 878 continet
1131 833 1168 876 er

188 926 258 988 quo
273 909 312 969 sit
324 904 580 969 concludendum
596 919 787 965 consensum
801 905 1014 984 parochorum
1031 917 1091 986 pro
1108 905 1168 964 tru-

193 995 331 1076 jusmodi
351 995 506 1056 erectione
526 1011 592 1054 esse
607 991 812 1071 requisitum,
828 991 901 1054 licet
915 1039 923 1066 ,
937 994 1027 1074 Juxta
1043 991 1181 1054 casdem*

190 1083 449 1152 Constitutiones,
472 1079 645 1162 aliquando
666 1097 838 1142 cousensus
857 1081 1001 1142 Priorum
1023 1081 1169 1161 Superio-

196 1189 330 1252 rumquc
345 1171 537 1250 regularium
554 1167 745 1230 obtinendus
770 1169 965 1232 sit.'‘Possent
985 1187 1060 1248 ergo
1076 1169 1169 1231 Paro·

189 1261 245 1320 ehi
262 1259 463 1322 solummodo
479 1258 655 1340 appellare,
681 1257 706 1318 si
726 1273 837 1319 corum
850 1258 921 1339 jura
943 1259 1070 1340 proprie
1085 1259 1169 1320 (licta

195 1347 393 1423 laederentur,
410 1347 441 1408 id
463 1356 525 1422 est,
549 1347 574 1407 si
596 1346 638 1430 pb
653 1345 842 1407 erectionem
863 1349 1065 1426 privarentur
1080 1365 1170 1410 corn·

195 1435 343 1498 modoad
366 1435 452 1518 qaod
465 1437 517 1516 jus
540 1435 684 1498 strictum
706 1434 845 1512 habeut3
870 1453 898 1496 v.
917 1453 978 1514 gn,
998 1437 1023 1497 si
1039 1448 1171 1518 propter

189 1527 405 1596 erectionem,
429 1523 612 1606 parochiani
638 1535 706 1585 nan·
727 1530 909 1586 tenerentur
929 1532 1071 1605 tempore
1095 1544 1170 1606 pas·

189 1614 278 1674 attali
297 1614 528 1676 Eucharistiam
546 1633 562 1675 a
579 1613 719 1694 parocho
740 1613 897 1694 recipcre,
919 1622 973 1674 aut
989 1613 1171 1678 moribundi

189 1705 570 1766 extremam-unctionem
592 1709 623 1763 et
636 1700 813 1778 Viatioum,
838 1701 887 1763 vel
902 1700 1045 1764 defuncti
1061 1703 1169 1784 scpul-

197 1798 298 1852 tu'ram
315 1792 354 1852 ab
373 1793 503 1868 eodem3
530 1809 595 1854 nou
617 1807 702 1866 vero,
719 1791 743 1852 si
760 1789 915 1852 duntaxat
930 1789 1019 1852 tieret
1034 1810 1169 1854 concur-

191 1898 248 1942 sus
263 1889 316 1942 aut
331 1881 530 1943 oblationum
546 1887 790 1962 spontanearum
806 1879 976 1942 diminutio
991 1881 1024 1941 in
1039 1881 1169 1944 ecclesia

196 1969 386 2047 parochiali,
405 1977 439 2030 ut
460 1977 582 2032 constat
599 1967 758 2030 decisione
781 1966 811 2029 S.
837 1967 951 2048 Congr.
965 1968 1109 2042 ,Concilii
1134 1975 1170 2035 tu

190 2056 261 2118 dcc.
280 2057 356 2117 ltin
374 2078 380 2117 :
399 2059 538 2136 alioquin
558 2074 723 2136 uunquam
744 2065 918 2120 conventus
934 2058 1010 2138 erigi
1028 2069 1168 2140 possent,

197 2144 281 2224 quod
298 2145 423 2206 nonnisi
439 2146 555 2208 absone
569 2145 736 2207 diceretur.

233 2233 302 2294 948.
325 2233 370 2293 Ex
383 2233 577 2309 Tridentium
595 2251 669 2296 sess.
682 2233 774 2307 XXV,
791 2252 819 2296 o.
836 2237 867 2309 3,
879 2235 922 2295 De
937 2235 1087 2315 reputare,
1101 2254 1171 2300 oon·

195 2331 308 2384 ventus
321 2340 393 2383 eum
409 2332 532 2384 tentum
553 2323 774 2402 religiosorum
797 2341 977 2398 numerum,
1002 2325 1069 2386 sit-'c
1084 2327 1171 2390 viro·

192 2428 264 2472 ram
282 2410 346 2472 sive
361 2411 542 2488 mulierum,
559 2410 678 2473 habere
693 2410 809 2472 debent
823 2411 879 2491 qui
894 2411 1063 2476 commode
1078 2415 1112 2475 in
1126 2416 1171 2477 eis

190 2501 363 2562 sustentari
389 2501 500 2582 possit.
520 2501 608 2564 Circa
624 2500 709 2580 quod
725 2505 771 2560 est
787 2499 967 2562 notandum
982 2501 1071 2580 quod
1086 2551 1094 2576 ‚
1112 2505 1169 2566 etsi

190 2590 278 2669 juxta
300 2588 405 2650 Const.
433 2589 508 2652 Cam
530 2591 609 2651 alias
636 2587 763 2668 Gregor.
793 2588 859 2663 XV,
875 2587 1012 2668 religiosi
1033 2589 1170 2656 debeant

188 2695 270 2754 esse,
283 2677 314 2737 iu
331 2677 474 2757 quolibet
490 2677 693 2752 monasterie,
711 2677 821 2739 saltem
836 2692 970 2740 numero
983 2677 1167 2757 duodecim,

192 2773 298 2827 tamen
314 2767 481 2828 Decretum
497 2766 531 2828 at
549 2767 635 2830 lunii
650 2764 728 2829 teta
743 2763 774 2828 S.
792 2765 903 2844 Congr.
922 2768 1079 2842 concilii,
1097 2787 1167 2834 auc·

190 2855 319 2916 toritatc
333 2854 448 2916 Urbani
469 2855 535 2917 Vlll
547 2855 795 2936 promulgatum,
812 2864 987 2918 conventus
1010 2857 1168 2922 minorem

193 2961 362 3004 numerum
375 2945 572 3006 continentes
587 2945 717 3018 tolerat,
730 2943 826 3006 modo
838 2951 914 3006 tuno
929 2944 1063 3029 subjecti
1081 2948 1170 3011 intel-

193 3029 330 3109 ligantur
348 3030 506 3092 Ordinarii
531 3034 590 3094 loci
614 3033 812 3106 visitationi,
842 3036 1049 3110 correctioni,
1081 3046 1169 3119 atque

186 3119 367 3180 omnimodae
385 3119 597 3196 jurisdictioni.
623 3121 660 3183 V.
697 3122 854 3198 Manuale,
877 3121 920 3182 n¹'
946 3123 1046 3198 2363,
1076 3124 1164 3188 taut.

231 3212 299 3269 9t9.
329 3210 373 3268 An
390 3209 496 3270 omnia
510 3229 606 3292 supra
621 3212 719 3274 relata
735 3211 797 3274 sint
818 3212 1017 3274 observanda
1035 3213 1067 3274 iu
1084 3231 1166 3276 reas·

186 3297 372 3376 sumptione
402 3297 495 3378 prisci
518 3311 704 3379 conventus,
731 3300 992 3381 distinguendum
1016 3309 1093 3364 cst:
1120 3301 1164 3368 vet

187 3383 327 3462 religiosi
342 3383 501 3448 fuerunta
519 3405 576 3450 suo
596 3389 700 3470 prisco
715 3399 873 3454 conventu
890 3389 1008 3468 iniuste
1021 3390 1164 3472 expulsi,

187 3471 238 3533 rel
257 3471 349 3534 illum
364 3492 402 3534 ex
426 3493 458 3536 sc
472 3474 711 3556 dereliquerunt
726 3498 734 3540 ε
752 3479 784 3542 in
801 3480 1012 3558 primocasu,
1030 3497 1164 3558 genera·

191 3561 260 3621 liter
274 3563 417 3639 negative
432 3573 477 3625 est
492 3566 763 3645 respondendum,
779 3567 840 3630 uisi
854 3575 965 3646 agetur
982 3565 1022 3628 de
1038 3569 1164 3630 monia-

190 3647 464 3712 libussolemuiter
474 3651 629 3733 professis.
640 3656 675 3719 V.
691 3656 857 3736 (Manuale,
868 3654 907 3716 u¹'
919 3653 1119 3738 ibib-258&
1131 3655 1162 3717 ia

184 3736 1159 3826 secundocasu,respouditaffirmativeSacraCongreg.Episo.
