2618 4212
510 263 592 310 11666
618 267 754 314 neurius.
1066 259 1127 323 118

186 382 236 442 68.
255 374 429 457 Episcopis,
452 373 520 437 sine
548 373 695 440 Gubernii
725 379 826 453 16616,
853 380 899 444 las
919 399 984 445 non
1005 392 1051 447 est
1076 387 1123 448 vel

149 469 235 552 ipsas
250 461 444 546 Apostolieas
459 463 591 526 Litteras
607 467 815 548 promulgare.

351 551 464 634 (Alloc.
480 555 641 634 Nunquam
651 558 727 638 sore,
740 561 777 619 15
792 556 965 620 decembris
983 559 1085 643 1856.)

189 641 404 706 1811161166
425 643 569 704 Romano
599 643 747 708 Pontitice
774 641 928 710 concessae
957 649 1129 712 existimari

151 732 269 881 deblm
297 739 448 811 tanquam
477 731 584 806 irritae,
615 733 676 795 nisi
705 752 762 816 per
789 733 983 798 Gubernium
1014 735 1133 800 suerint

153 821 218 902 imp
234 827 340 882 oratm.

346 905 455 990 (111166.
472 907 634 992 Nunquam
648 910 724 986 sore,
741 915 778 972 15
793 910 970 974 decembris
987 913 1090 996 1856.)

194 999 243 1062 30.
262 995 409 1061 Ecclesia
422 1005 454 1058 et
469 1016 675 1078 personarum
686 999 969 1063 ecclesiasticarum
982 1002 1128 1064 immuni·

153 1096 213 1163 tas,
231 1087 334 1167 ajure
346 1086 432 1150 civili
444 1094 549 1149 ortum
565 1087 688 1150 babuit.

316 1175 401 1255 (titt.
417 1174 524 1256 Apost.
541 1176 724 1258 Multiplices
739 1178 830 1252 inter,
846 1181 884 1240 lii
894 1177 976 1258 junii
988 1178 1090 1260 1851.)

195 1268 245 1326 31.
258 1263 509 1326 Ecclesiastieum
519 1262 623 1326 forum
637 1283 694 1346 pro
706 1265 935 1347 temporalibus
945 1267 1135 1330 elericorum

155 1353 269 1428 666616,
285 1353 350 1415 sive
362 1352 507 1415 civilibus
522 1354 587 1415 sive
597 1354 821 1431 criminalibus,
833 1356 964 1418 omnino
978 1355 1017 1418 de
1030 1356 1137 1418 medio

156 1441 331 1503 tollendum
351 1449 407 1516 est,
424 1442 517 1503 etiam
542 1442 721 1504 inconsulta
741 1452 772 1505 et
786 1442 976 1506 reclamante
995 1451 1130 1526 Aposto-

157 1530 217 1592 liea
231 1527 320 1592 Sede.

157 1629 270 1712 (Alloe.
282 1627 525 1701 1661161666,
545 1628 581 1690 tl
599 1629 785 1710 septembris
802 1631 943 1694 1851-
964 1630 1127 1694 Allocutio.

333 1717 497 1799 Nunquam
511 1717 587 1798 sore,
605 1718 641 1780 15
658 1718 832 1780 decembris
848 1720 954 1800 1856.)

195 1834 245 1894 32.
262 1828 389 1909 Absque
406 1827 471 1892 ulla
485 1827 639 1891 naturalis
649 1828 730 1909 juris
743 1835 774 1890 et
787 1829 947 1911 aequitatis
963 1828 1137 1892 violatione

157 1926 259 2000 potest
277 1917 420 1998 abrogari
447 1918 623 2000 personalis
646 1919 841 1992 immunitas,
871 1937 934 1999 qua
957 1918 1062 1980 clerici
1090 1917 1137 1980 ab

156 2025 251 2070 onere
284 2006 457 2069 subeuudae
494 2007 737 2087 exercendaque
774 2008 894 2070 militiae
931 2007 1158 2084 erimantum.

157 2097 242 2159 hanc
269 2113 345 2159 vero
374 2096 612 2176 abrogationem
643 2095 780 2175 postulat
807 2097 908 2158 civilis
936 2115 1128 2180 progressus,

156 2185 292 2247 maxime
318 2185 350 2246 in
373 2183 525 2248 Societate
553 2184 592 2248 ad
620 2185 755 2247 16116616
784 2185 939 2249 liberioris
968 2187 1137 2268 regiminis·

156 2274 337 2337 constituta.
544 2350 545 2354 Ἰ

158 2375 268 2457 (Epist.
298 2373 338 2438 ad
365 2375 468 2456 Episc.
496 2376 608 2440 Montis
635 2377 741 2457 Regal.
769 2378 943 2460 8166616116
973 2378 1135 2460 Nullaque,

515 2465 555 2528 80
569 2473 647 2545 sept.
666 2466 770 2547 1861.)

195 2568 243 2628 33.
261 2563 328 2628 Ν66
349 2563 583 2646 6611166166166
605 2563 644 2624 611
655 2564 897 2625 ecelesiasticam
903 2563 1133 2644 jurisdictioni-s

155 2660 340 2738 potestatem
355 2653 484 2734 proprio
494 2671 530 2714 66
539 2652 722 2731 nativojure
734 2651 868 2731 dirigere
881 2653 1136 2734 theologicarum

155 2761 262 2804 rerum
277 2741 465 2804 doctrinam.

155 2839 269 2923 (Epist.
285 2839 324 2902 ad
350 2838 497 2919 Archiep.
524 2837 751 3010 Episinpbsslaups
775 2837 912 2915 libenter,
942 2842 978 2902 11
1006 2839 1137 2902 1166616·-

572 2947 615 2990 ns
713 2982 715 2986 .

194 3027 244 3090 ot.
274 3025 420 3089 Doctrina
455 3027 709 3106 comparantium
738 3025 918 3089 Romanum
947 3025 1136 3089 Pontificem:

155 3115 291 3196 Principi
314 3113 415 3176 libero
432 3121 463 3175 et
476 3115 580 3193 agenti
595 3115 626 3176 in
642 3114 789 3177 universa
810 3114 971 3191 Ecclesia,
988 3115 1136 3178 doctriua

154 3211 201 3268 esi
212 3203 399 3285 quaemedio
412 3220 480 3265 aevo
494 3203 668 3284 prevaluit.

277 3291 360 3374 (titt.
378 3292 484 3371 Apost.
509 3291 806 3369 6666661666
823 3292 947 3371 augusti
964 3291 1069 3374 1851.)

193 3387 243 3446 35.
267 3380 352 3444 Nihil
369 3388 452 3442 vetat
480 3379 613 3462 aiicujus
641 3381 785 3457 tioncilii,
803 3379 958 3462 generalis
973 3379 1135 3444 sententia

154 3481 208 3535 aut
223 3470 443 3534 universorum
459 3469 648 3550 populorum
667 3469 766 3546 lacto,
784 3488 946 3532 summum
963 3470 1129 3533 Pontifica-

154 3571 223 3624 tum
238 3559 278 3622 ab
292 3559 436 3623 Romano
450 3558 606 3640 Episcopo
621 3565 716 3640 atque
729 3558 812 3622 Urbe
826 3558 865 3622 ad
882 3559 980 3623 alium
995 3560 1136 3641 1161666--

153 3667 231 3731 pum
246 3647 405 3729 aliamque
417 3648 573 3710 civitatem
590 3647 761 3710 transferri.

328 3735 412 3818 (bitt.
429 3735 537 3820 Apost.
556 3736 796 3821 166661161166,
812 3741 937 3817 81666.
957 3738 1049 3800 1851.
