2604 4196
187 285 250 341 556
461 295 612 340 ueratrum
633 291 715 336 sums
737 290 887 337 canumet.
999 296 1007 308 ·

188 393 288 454 lares:
310 410 379 473 quae
402 389 664 451 denominationes
686 393 731 449 sat
756 387 963 468 intelliguntur
978 406 1016 449 ex
1030 385 1120 448 dictis
1138 387 1171 448 in

189 477 267 541 libro
290 479 482 562 praecedenti.
499 477 633 538 Tandem
655 482 725 538 sunt
746 477 889 552 oratoris,
911 478 971 558 qua
992 493 1066 537 voce
1089 475 1179 544 desis

187 575 323 648 guantur
337 569 471 628 minores
491 566 626 628 ecclesiae
640 564 751 646 quibus
766 565 895 646 populus
910 571 1010 627 certus
1024 571 1053 626 et
1068 563 1171 626 deter-

191 657 321 719 minatus
335 675 397 718 non
413 655 467 717 luit
481 654 645 736 ascriptus,
662 671 718 714 nec
732 653 829 716 solent
847 651 958 716 habere
973 653 1172 734 praepositum

188 764 261 806 uum
276 748 350 808 curu
364 744 545 806 animarum.

232 835 366 896 Oratoria
381 841 482 895 autem
495 832 552 893 alia
566 837 636 892 suot
645 830 782 912 publico,
798 851 866 912 quae
879 831 1002 914 cupelloe
1018 837 1048 892 et
1062 827 1172 892 sacello

188 925 386 986 communius
406 923 547 984 dicuntur
565 927 594 982 et
616 919 727 981 habere
747 919 859 982 debent
874 922 983 983 ostium
1001 921 1032 981 in
1048 921 1095 981 vid
1109 939 1172 1000 pu-

193 1011 269 1074 bliea
282 1033 288 1072 ε
300 1013 369 1073 talia
379 1011 468 1072 etiam
479 1014 641 1072 censentur
650 1007 719 1090 quae
729 1009 845 1072 suntad
856 1027 945 1072 usum
956 1010 1076 1071 tantlrm
1086 1009 1172 1070 Com·

194 1102 364 1174 munitatis,
379 1100 520 1169 carceris,
536 1107 586 1160 aut
600 1097 770 1178 hospitalis;
795 1099 851 1160 alia
866 1099 936 1161 verb
951 1105 1021 1161 sunt
1030 1097 1169 1180 privetu,

191 1209 261 1268 quae
274 1189 433 1271 specialius
453 1206 564 1248 nomen
579 1189 775 1248 oratoriorum
790 1188 937 1264 retinent,
956 1192 987 1248 et
1001 1187 1032 1247 in
1048 1187 1171 1266 privatis

189 1277 333 1338 domibus
350 1277 517 1338 consistunt
538 1275 575 1336 ad
590 1276 712 1352 privetae
732 1276 852 1338 familiae
868 1294 958 1339 usum
965 1295 975 1350 ;
995 1294 1032 1337 ex
1046 1275 1169 1355 speciali

190 1372 295 1427 autern
320 1367 521 1450 concessione
542 1365 629 1426 Sedis
654 1366 834 1445 Apostolicae
858 1372 891 1428 ut
920 1364 1039 1446 publica
1066 1363 1168 1425 baberi

190 1461 319 1536 possunt
332 1455 481 1530 oratoria,
503 1452 560 1515 etsi
578 1454 609 1514 in
630 1453 751 1534 privatis
771 1453 912 1515 domibus
933 1461 1031 1515 erecta
1051 1459 1081 1514 et
1101 1453 1170 1515 licet

190 1551 310 1624 portam
324 1561 385 1604 non
401 1543 531 1604 habeant
544 1543 575 1603 in
589 1543 635 1603 via
659 1541 794 1622 publica,
820 1541 911 1604 modb
932 1542 1122 1622 proprietarii
1137 1561 1169 1604 se

190 1633 224 1692 in
239 1640 418 1714 perpetuum
442 1631 577 1713 obligent
593 1631 631 1692 ad
654 1629 856 1692 admittendos
879 1629 982 1692 fideles
1005 1632 1036 1691 in
1057 1630 1168 1710 hujus·

189 1722 274 1783 modi
287 1722 426 1783 oratoria.

232 1813 380 1874 run-11.
402 1833 417 1869 r
432 1813 521 1872 Vetus
535 1809 669 1872 ecclesiae
683 1807 779 1869 torma
793 1814 822 1869 et
836 1809 921 1884 situs,
937 1809 1036 1888 inquit
1049 1811 1167 1887 Devoti,

190 1923 210 1958 a
231 1902 277 1960 tit.
294 1905 324 1976 7,
342 1901 399 1980 53,
417 1919 478 1960 non
494 1917 614 1979 semper
637 1897 717 1958 idem
734 1916 741 1957 :
758 1897 909 1959 interdum
928 1897 1059 1978 oblonga
1083 1907 1166 1974 erat,

197 2011 210 2045 ι
230 2007 264 2050 ac
279 1989 346 2050 navi
362 1989 487 2064 similis;
505 1987 656 2048 interdurn
672 1985 800 2047 rotunda
812 1992 869 2048 aut
883 1987 1017 2068 plurium
1039 1988 1166 2050 laterum

190 2101 207 2134 a
232 2085 282 2137 aut
296 2076 334 2138 ed
348 2077 476 2137 sormam
496 2076 632 2138 crucis...
653 2075 794 2136 Ecclesiae
818 2075 919 2151 lrons,
941 2081 974 2138 ut
997 2075 1177 2157 plurimum¹

197 2191 209 2222 a
231 2165 269 2238 ad
292 2165 485 2228 Occidentem
535 2163 913 2244 spectabausanuuarium
940 2164 976 2226 ad
997 2164 1165 2244 Orientem,

189 2279 209 2311 a
231 2255 375 2334 quoniam
393 2254 499 2316 verslrs
515 2251 553 2314 ad
575 2253 729 2314 Orientem
752 2252 904 2316 christiani
928 2273 1032 2335 preces
1057 2254 1165 2318 funde·

189 2369 208 2398 ›r‹
232 2344 327 2417 baot;
353 2343 406 2404 sed
433 2359 514 2421 saepe
541 2361 640 2422 neque
661 2343 814 2403 Orientem
841 2361 940 2424 neque
969 2343 1165 2406 Occidentem

189 2458 207 2486 -ιι
231 2432 433 2494 sanctuarium
448 2431 627 2512 respiciebat
639 2452 646 2492 ε
659 2438 688 2492 et
701 2431 772 2492 verb
787 2431 825 2492 ab
839 2432 972 2513 antiquis
982 2449 1165 2495 monumen·

190 2545 214 2605 q
231 2523 267 2584 tis
279 2522 387 2602 qubvis
398 2520 496 2582 torma
508 2527 536 2582 et
550 2521 609 2580 situ
623 2521 757 2582 ecclesiae
770 2520 959 2583 exhibentur.

234 2633 249 2670 a
322 2610 482 2684 Ecclesiae,
499 2609 665 2690 praesertim
681 2610 859 2692 ampliores,
873 2609 1010 2690 pluribus
1024 2618 1164 2673 constant

189 2721 209 2754 «ι
229 2699 401 2780 partibus..:
417 2707 516 2779 partes
531 2698 703 2773 interiores,
719 2717 754 2759 er
771 2699 896 2779 antique
909 2699 1066 2780 disciplina
1078 2715 1162 2762 eram

189 2813 207 2844 -«
228 2787 358 2849 nunties
376 2789 438 2850 sive
452 2786 565 2866 fuulu,
584 2787 723 2868 templum
747 2789 807 2849 sive
821 2789 924 2866 nouis,
945 2797 974 2850 el
997 2789 1078 2850 bema
1102 2792 1162 2852 sire

187 2901 207 2934 -u
228 2877 440 2947 sanctuarium.
462 2875 591 2938 Narthex
610 2884 672 2937 erat
686 2895 756 2958 pars
773 2876 904 2957 oblonga
927 2883 956 2937 et
976 2884 1104 2958 angusta
1124 2883 1160 2941 ad

187 2991 206 3022 n
230 2968 321 3028 instar
337 2966 451 3040 terune,
468 2967 485 3027 e
500 2973 669 3028 transverso
681 2966 787 3026 frontis
800 2966 952 3041 ecclcsiae,
967 2965 1068 3046 ibique
1086 2967 1161 3030 dum

189 3081 205 3111 n
228 3073 320 3116 sacrae
334 3057 496 3116 conciones
512 3053 710 3129 habebantur,
725 3054 872 3131 infideles,
887 3054 1033 3128 haeretici,
1054 3057 1160 3120 cathe-

192 3167 206 3202 α
227 3143 368 3206 chumeni
384 3151 413 3205 et
427 3143 626 3225 prenitentes,
642 3141 793 3204 audientes
806 3143 887 3217 dicti,
904 3144 1118 3208 consistebant.

232 3254 247 3290 n
267 3232 445 3294 Nartlrecem
459 3231 627 3310 excipiebat
640 3248 709 3309 pars
723 3231 771 3292 illa
792 3232 926 3294 ecclesiae
947 3249 1016 3313 quae
1037 3237 1159 3314 proprie

189 3345 200 3373 s
227 3321 376 3400 templum
389 3340 424 3382 ac
436 3322 518 3382 navis
528 3320 696 3392 dicebatur3
709 3320 774 3382 haee
785 3321 999 3402 utplurimbm
1014 3325 1159 3401 quadrata

188 3435 200 3463 t·
227 3416 300 3481 erat,
317 3427 445 3489 eamque
460 3413 476 3470 a
492 3409 633 3470 narthece
647 3409 826 3489 separabant
840 3410 937 3489 lignea
950 3411 1088 3491 quaedarn
1112 3433 1157 3475 re-

186 3521 205 3556 a
227 3497 335 3580 pagula
348 3497 448 3578 pervia
463 3499 573 3578 portis,
589 3517 666 3578 quas
680 3505 780 3578 portas
797 3500 895 3580 reptas
908 3505 936 3560 el
949 3499 1091 3580 speciosus
1105 3521 1157 3584 ap·

186 3611 205 3646 n
226 3587 388 3668 pellabaut.
403 3587 436 3648 ln
455 3587 588 3648 interiori
602 3587 692 3665 hujus
706 3589 797 3667 partis
812 3587 894 3665 loco,
915 3589 1084 3668 quistatim
1108 3591 1154 3652 in·
1248 3663 1251 3668 Ι

186 3699 204 3733 a
226 3676 371 3756 gredienti
393 3676 588 3753 occurrebat,
609 3676 727 3737 stabant
746 3677 927 3756 poenitentes
946 3677 1090 3738 substrati
1097 3699 1105 3754 ;
1126 3680 1155 3742 in

191 3787 204 3819 u
226 3765 371 3844 superiori
387 3765 437 3845 qui
458 3769 520 3825 erat
540 3766 712 3826 sanctuario
731 3766 951 3845 propinquior,
970 3766 1158 3828 consistentes
