2552 4204
171 295 230 354 ost
444 305 599 350 stannum
619 303 702 349 rums
723 303 872 349 carorum.

168 403 232 470 tire,
248 409 317 464 suri
330 402 387 464 illae
399 421 487 482 quae,
503 403 569 482 ipso
583 400 660 463 facto
673 419 725 463 seu
737 400 866 462 crimine
879 401 972 462 semet
988 400 1147 480 admisso,

168 491 268 551 statim
293 495 490 552 incurruntur
509 490 624 570 absque
645 489 708 552 ulla
728 488 839 568 judicis
859 493 1029 566 sententis,
1054 493 1149 555 etiam

168 576 372 645 declaratorid.

209 667 350 728 Censurae
370 667 441 729 vero
463 664 594 748 ferendo
609 666 773 735 sententio,
799 683 869 747 quae
889 666 980 727 etiam
1001 666 1153 731 dicuntur

170 755 419 825 comminatorio,
435 764 504 817 sunt
519 755 575 816 illae
591 774 667 835 quas
679 757 728 833 jus
744 760 796 816 aut
806 754 899 833 judex
919 773 981 815 non
1001 756 1066 817 vuit
1083 756 1153 836 ipso

171 839 248 904 iacto
260 843 395 919 incurri,
411 843 463 905 sod
475 843 575 904 solium
588 860 643 922 per
656 843 838 904 sententiam
850 841 945 922 infligi
961 860 971 902 ι
987 843 1071 904 unde
1082 861 1154 906 cen·

172 947 250 992 surae
264 931 438 1010 hujusmodi
455 937 581 1012 possunt
594 949 660 992 esse
674 931 694 990 ὰ
704 931 779 1012 jure
790 930 880 992 simul
901 937 932 992 et
950 930 988 991 ab
1009 931 1153 994 domiue:

164 1017 270 1100 vdjure
288 1020 434 1101 quidem,
454 1027 604 1100 quatenus
625 1019 733 1082 sanciri
758 1025 883 1100 possunt
904 1038 958 1100 per
977 1019 1080 1100 legem
1101 1026 1156 1082 aut

164 1111 315 1170 'statutum
331 1125 529 1188 permanens,
546 1115 575 1168 et
588 1108 627 1170 ab
641 1106 773 1177 domine,
791 1109 942 1189 quatenns
961 1127 1024 1170 non
1044 1109 1155 1172 incur-

174 1203 283 1256 runtur
297 1196 354 1256 nisi
369 1215 423 1277 par
436 1196 614 1257 sententiam
626 1196 747 1273 judicis.
1149 1208 1151 1210 ’

158 1290 160 1294 ’
213 1283 253 1345 Ut
266 1289 366 1344 autem
381 1283 573 1363 dignoscatur
585 1283 781 1364 quandonam
801 1302 938 1346 censurae
958 1283 1018 1344 sint
1043 1285 1112 1348 iatae
1125 1294 1157 1348 et

177 1371 371 1449 quandonam
389 1373 449 1434 sint
465 1369 597 1433 ferendas
614 1373 791 1450 sententiae,
816 1370 1067 1436 «consideranda
1082 1383 1156 1437 sunt

182 1458 305 1530 <storbo
324 1459 435 1540 quibus
450 1477 577 1522 censura
591 1458 705 1532 fertum
721 1479 807 1540 quae,
822 1461 847 1522 si
862 1460 1019 1522 includant
1031 1462 1157 1524 alterius

182 1547 366 1620 «actionem
389 1567 442 1610 seu
467 1548 685 1624 ministerium,
709 1547 880 1628 significant
902 1567 1064 1610 censuram
1087 1568 1157 1612 esse

183 1657 197 1691 o
216 1637 368 1698 sententies
382 1637 526 1717 serenda,
543 1637 612 1698 lutoe
625 1637 695 1697 vero
712 1635 737 1696 si
758 1655 819 1698 non
836 1635 1002 1699 inciudant.
1030 1637 1061 1700 Si
1081 1641 1158 1700 rerd

184 1719 309 1798 uuarba
342 1726 485 1806 ambigua
519 1724 601 1800 sint,
637 1725 732 1786 tenori
760 1730 858 1804 potest
887 1725 989 1804 regula
1016 1729 1057 1788 te
1077 1727 1159 1806 juris

185 1833 200 1870 u
220 1813 251 1872 in
272 1817 320 1890 6⁰,
335 1813 418 1894 qudd
436 1815 466 1874 in
484 1813 578 1876 dubio
590 1811 671 1874 circa
684 1831 809 1892 poenas,
830 1812 990 1892 benignior
1005 1813 1157 1896 interpre-

186 1922 200 1958 α
220 1901 291 1962 tatio
305 1901 344 1962 sit
356 1902 502 1964 facienda.
518 1923 533 1960 n
553 1902 702 1963 Caeterum
718 1902 782 1962 tute
796 1901 891 1962 teneri
904 1906 1001 1980 potest
1014 1920 1158 1966 commu-

183 1989 230 2049 nis
243 1990 466 2070 interpretatio,
487 1990 558 2070 quia
571 1995 616 2050 est
629 1989 741 2069 optima
762 1989 866 2069 legum
884 1990 1042 2070 interpres.
1067 1992 1158 2056 Unde

182 2078 333 2138 resolves:

224 2177 394 2235 «Censura
416 2179 460 2234 est
481 2173 552 2234 lutoe
573 2173 725 2236 sententie
747 2191 755 2234 r
779 2178 811 2235 1⁰
826 2173 856 2234 Si
871 2173 960 2236 verba
974 2173 1034 2236 sint
1047 2183 1159 2256 praete-

187 2289 202 2324 r
222 2263 270 2326 riti
291 2270 342 2323 aut
363 2261 518 2341 praesentis
537 2262 704 2340 temporis:
721 2281 749 2324 v.
769 2281 799 2342 g.
819 2264 1157 2336 eoecmumuniooortuus,

188 2375 203 2412 u
223 2351 489 2414 recommunicutus
501 2357 559 2418 est,
573 2348 653 2429 suit,
668 2350 905 2420 recommunico,
920 2351 1157 2431 suspenduntur.

97 2515 98 2523 ἵ
188 2465 204 2502 u
223 2439 463 2507 interdicuntur,
487 2438 619 2500 uolumus
632 2439 825 2520 cutjubemus
845 2459 902 2502 esse
921 2443 1160 2504 excommunica-

189 2554 205 2592 «
222 2538 305 2599 turn,
320 2547 486 2610 suspensum
497 2572 506 2597 ,
519 2535 597 2601 etc.;
613 2531 646 2588 2⁰
659 2527 684 2588 si
698 2527 824 2590 addatur
838 2527 982 2608 particula
995 2531 1061 2610 ipso
1067 2530 1158 2610 jare,

190 2643 205 2680 u
226 2621 288 2702 ipso
303 2618 402 2699 lucto,
418 2617 464 2678 vel
482 2617 545 2677 aine*
560 2615 625 2676 ulid
639 2615 807 2685 sententiis
824 2619 858 2678 3⁰
877 2616 903 2678 si
922 2617 1011 2678 verba
1025 2619 1087 2678 sint
1101 2619 1160 2680 im·

190 2705 348 2790 oparatiri
377 2703 479 2779 modi,
501 2723 530 2766 v.
557 2723 586 2784 g.
612 2703 726 2765 incidat
749 2704 782 2765 in
806 2705 1158 2776 eucommuna'cationem,

192 2820 207 2855 a
226 2792 620 2862 praemeditando.
640 2811 648 2853 ε
670 2791 746 2854 ratio
767 2792 837 2872 quia
852 2792 918 2856 haec
930 2795 1033 2856 omnia
1048 2796 1160 2859 nultius

192 2909 207 2946 u
227 2886 376 2948 actionem
389 2883 622 2962 interponunt.»
640 2879 870 2961 (Busembaum,
881 2881 963 2962 apud
976 2884 1008 2944 S.
1023 2883 1160 2963 Liguor,

188 2974 242 3036 nn.
257 2979 294 3049 ⁵1,
313 2971 354 3033 n¹·
369 2976 388 3034 6
402 2969 491 3050 et't.)
512 3002 552 3014 —
575 2969 606 3028 Si
629 2973 731 3029 tamen
753 2967 869 3032 dicatur
891 2972 1163 3034 excommunicatus

188 3064 249 3132 sit,
264 3058 494 3123 controvertitur
513 3055 609 3136 quatis
626 3061 699 3116 tuno
719 3055 757 3117 sit
776 3075 905 3119 censura
918 3076 926 3118 ι
941 3059 1043 3138 piures
1056 3058 1163 3124 dicunt

190 3169 263 3214 earn
278 3165 343 3210 esse
362 3147 429 3208 latae
448 3145 623 3216 sententiae,
648 3144 700 3205 sed
722 3145 824 3223 plures
846 3145 896 3206 alii
914 3147 1037 3208 econtra
1057 3147 1163 3211 volunt

157 3257 158 3262 ¹
191 3257 256 3302 osse
275 3235 393 3298 tantirm
413 3233 543 3296 terendae
563 3251 571 3294 ι
594 3239 722 3311 utraque
743 3233 890 3295 sententia
911 3240 957 3296 est
977 3235 1160 3314 probabitis,

192 3326 288 3407 inquit
302 3323 333 3386 S.
350 3321 470 3400 Lignor.
487 3320 552 3402 (tib.
569 3324 604 3394 7,
620 3328 653 3380 n⁰
666 3322 697 3400 8)
711 3341 718 3391 ;
743 3320 795 3382 sed
817 3321 874 3382 hoc
898 3323 1028 3402 pendere
1045 3323 1164 3388 videtur

193 3413 390 3496 aquaestione
408 3429 448 3472 an
465 3407 641 3470 mandatum
659 3409 941 3471 excommunicandi
955 3409 1039 3471 atteri
1061 3412 1163 3494 impo-

194 3509 299 3577 natur,
313 3501 358 3562 vet
374 3517 446 3560 non.
469 3499 500 3558 Si
518 3499 589 3558 vero
606 3497 723 3557 dicatur
737 3497 892 3558 anathema
905 3498 963 3567 sit,
979 3499 1090 3560 iterum
1101 3501 1164 3563 dis·

194 3597 316 3673 putatur
329 3607 367 3650 au
381 3585 652 3648 excommunicatio
665 3583 702 3644 sit
711 3584 777 3646 latae
787 3585 832 3647 rel
843 3585 973 3648 ferendae
984 3588 1141 3651 sententiae
1154 3610 1162 3651 :

195 3679 253 3742 sod.
270 3694 376 3740 ourues
396 3692 464 3737 eam
485 3673 589 3734 dicunt
609 3689 675 3734 esso
697 3670 763 3732 latae
785 3674 942 3736 sententiae
955 3675 980 3736 si
994 3674 1046 3737 fiat
1058 3679 1165 3742 contre

196 3767 344 3830 haeresim.
