2604 4196
187 282 252 339 578
273 279 274 282 ’
465 289 617 336 mancam
637 289 719 334 runis
739 285 887 332 canumet.

193 399 290 473 partes
303 391 418 472 aliquas
431 391 558 472 liturgiae
569 393 632 453 suis
648 389 781 452 Decretis
792 385 1045 462 determinaverit,
1058 392 1165 448 caetera

188 487 332 543 censetur
356 479 511 560 reliquisse
537 481 575 542 ab
598 478 754 561 Episcopis
774 473 1024 551 determinanda,
1044 477 1167 538 serratis

194 575 294 630 umen
310 568 500 648 generalibus
513 569 655 631 Ecclesiae
669 566 792 647 regulis.

607 703 692 764 atta.
715 703 751 762 ll.

395 823 432 866 aa
450 822 544 868 sraau
557 821 703 868 arannem
716 820 796 866 aura
814 821 839 866 s.
856 822 926 868 arura
937 821 966 869 r.

234 925 302 984 739.
333 922 398 982 Non
423 926 468 980 est
491 919 689 981 dubitandum
714 918 788 999 quin
815 919 852 979 ab
878 919 1017 982 Ecclesiae
1038 919 1171 982 exordiis

192 1009 295 1089 eliqua
312 1008 455 1070 exstiterit
478 1009 604 1088 liturgiae
622 1007 736 1081 torma3
756 1005 936 1070 sacrificium
952 1009 1036 1070 enim
1052 1011 1169 1090 missae,

196 1103 382 1160 sacramenta
396 1097 540 1157 celebrari
560 1095 606 1157 vel
629 1095 832 1156 administrari
848 1113 909 1156 non
930 1103 1092 1176 potuerunt
1112 1098 1169 1158 nisi

192 1185 401 1246 determinatis
411 1184 592 1265 quibusdam
604 1183 707 1244 ritibus
718 1203 725 1243 :
736 1183 845 1244 Paulus
855 1185 938 1244 enim
949 1188 975 1257 (l
991 1185 1071 1261 Cor,
1080 1204 1107 1246 c.
1118 1191 1169 1262 ll,

198 1293 224 1334 v.
241 1274 304 1352 34),
325 1274 440 1333 statutis
454 1271 635 1351 quibusdam
658 1271 737 1332 circa
751 1271 985 1347 Eucharistiam,
1004 1273 1048 1334 sic
1061 1273 1144 1334 addit
1161 1293 1168 1335 :

195 1360 310 1424 Coeteru
325 1361 389 1421 ciam
403 1379 505 1421 uenero
517 1359 680 1440 disponam.

238 1449 379 1511 Primitlrs
393 1449 457 1510 baec
471 1449 589 1528 liturgia
607 1449 687 1510 varia
708 1449 824 1510 videtur
840 1449 932 1511 tuisse
951 1449 983 1510 in
997 1449 1169 1514 accidenta-

198 1537 276 1598 libus
290 1557 345 1618 pro
358 1537 526 1598 diversitate
540 1538 696 1611 locorum3
714 1543 954 1618 potestatemque
975 1537 1169 1616 legislativam

192 1629 276 1688 eirca
288 1626 461 1704 hujusmodi
475 1624 668 1686 accidentalia
687 1625 833 1686 Praesules
854 1624 1053 1705 possederunt
1071 1631 1170 1709 usqne

198 1715 234 1776 ad
250 1716 393 1777 saeculum
408 1716 566 1795 quintum;
587 1714 639 1774 sed
659 1714 764 1775 versds
787 1713 865 1775 banc
883 1714 1046 1795 epocham,
1069 1715 1168 1779 intro-

193 1805 266 1866 duci
279 1806 368 1884 coepit
383 1803 482 1865 unitas
495 1803 737 1883 Metropolitann,
753 1808 786 1862 ut
798 1801 936 1881 pluribus
949 1811 1066 1866 constat
1079 1822 1088 1866 a
1104 1806 1168 1868 suf·

1170 671 1179 704 l

195 1893 277 1953 iaciat
289 1893 399 1954 referre
411 1891 499 1952 verba
513 1890 638 1951 Concilii
650 1890 810 1951 Mileritani
823 1890 853 1950 in
869 1889 982 1971 Airicl,
996 1910 1078 1955 anno
1089 1898 1167 1958 tto:
1206 1929 1210 1935 ·
1296 1889 1297 1922 l

200 2003 217 2037 (ι
238 1981 354 2042 Placuit
367 1981 457 2039 etiam
470 1986 498 2039 et
513 1978 597 2053 illud,
609 1985 642 2039 ut
656 1995 760 2058 preces
774 1977 819 2038 vel
833 1977 989 2041 Orationes
1001 1997 1056 2043 seu
1068 1983 1169 2046 missar

203 2091 217 2126 a
238 2087 305 2148 quae
322 2067 453 2148 probatae
467 2066 577 2127 fuerint
597 2065 777 2139 assoncilio,
800 2065 861 2128 sive
882 2067 1085 2146 prefationes,
1106 2073 1169 2135 sire

203 2181 216 2213 n
237 2155 527 2229 commendationes,
543 2172 596 2215 seu
611 2155 721 2214 mands
737 2153 958 2232 impositiones,
974 2157 1012 2217 ab
1025 2161 1169 2223 omnibns

199 2269 217 2302 a
238 2245 437 2307 celebrentur.
461 2245 522 2303 Nec
540 2242 605 2304 aliae
618 2242 745 2303 omnind
758 2241 896 2304 dicantur
910 2245 940 2304 in
956 2247 1088 2310 Ecclesia
1111 2253 1169 2312 nisi

178 2335 180 2340 '
198 2356 217 2391 a
238 2352 305 2414 quae
320 2335 336 2393 a
350 2330 595 2412 prudentioribus
609 2337 753 2403 tractatae,
777 2331 824 2392 vel
839 2334 1041 2413 comprobatae
1061 2337 1092 2397 in
1111 2339 1169 2420 Sy-

200 2445 218 2479 r
239 2421 318 2482 nodo
339 2419 451 2482 luerint
467 2437 474 2478 :
491 2437 529 2480 ne
552 2417 628 2480 torte
649 2417 762 2497 aliquid
784 2426 888 2480 contra
910 2420 1017 2499 fidem,
1041 2424 1088 2486 vel
1115 2445 1170 2508 per

200 2532 218 2568 a
238 2508 456 2590 ignorantiam,
470 2507 516 2568 vel
532 2524 585 2586 per
597 2507 699 2568 minus
719 2506 852 2568 studium
868 2509 906 2569 sit
919 2512 1132 2592 compositum.
1150 2539 1165 2576 a

196 2599 315 2661 Similia
336 2597 477 2677 leguntur
499 2596 530 2655 in
554 2594 691 2676 pluribus
705 2593 769 2656 aliis
783 2595 934 2658 Correiliis.
949 2599 984 2660 In
1001 2601 1168 2680 Toletano,

196 2705 280 2748 anno
292 2689 363 2760 676,
378 2684 421 2745 sic
434 2683 557 2762 legitur,
572 2701 600 2744 c.
615 2686 635 2744 3
649 2701 657 2742 τ
674 2683 817 2744 «Placuit
829 2685 958 2747 concilio
972 2691 1006 2747 ut
1018 2690 1169 2772 Metropo-

205 2796 219 2833 α
238 2774 337 2834 litanae
350 2772 435 2834 Sedis
449 2773 622 2833 auctoritate
633 2771 738 2843 coacti,
754 2771 990 2854 uniuscujusque
1004 2777 1170 2844 Prorinciae

205 2862 333 2936 «cives,
358 2869 547 2940 rectoresque
568 2859 784 2934 ecclesiarum,
806 2878 902 2922 unum
921 2863 1123 2948 eumdemque
1139 2873 1169 2932 in

205 2951 394 3030 «psallendo
421 2955 542 3009 teneant
579 2947 728 3023 modurn,
758 2967 849 3027 quem
876 2949 907 3011 in
943 2952 1170 3034 Metropolitarid

205 3039 317 3101 «Sede
345 3043 551 3115 cognoverunt
574 3035 759 3108 institutum,
791 3054 846 3097 nec
869 3037 968 3118 aliqua
1000 3041 1171 3110 diversitate

203 3150 221 3187 a
241 3128 387 3206 cujusque
401 3124 515 3186 ordinis
528 3124 573 3185 vel
587 3122 676 3184 officii
692 3124 709 3183 a
729 3125 957 3202 Metropolitanl
971 3145 1003 3190 se
1019 3131 1171 3210 patiantur

203 3239 221 3275 a
242 3215 317 3276 Sede
328 3213 498 3292 disjungi...
513 3234 528 3270 a

242 3303 304 3362 Etsi
318 3311 386 3363 ante
402 3303 548 3362 saeculum
562 3303 624 3360 Vlll
640 3303 692 3362 SS.
707 3302 868 3362 Pontifices
886 3321 965 3385 saepe
978 3305 1086 3370 hortati
1099 3310 1170 3374 lue-

205 3393 262 3451 rint
275 3391 421 3452 Ecclesias
435 3389 640 3451 Occidentales
651 3389 687 3448 ad
699 3391 884 3469 sequendam
898 3392 1047 3472 liturgiam
1059 3398 1170 3462 Romn-

202 3497 292 3553 ·nam,
314 3487 350 3540 ut
361 3479 459 3539 videre
483 3485 526 3539 est
550 3476 581 3538 in
601 3477 734 3557 epistolis
752 3478 863 3550 Siricii,
887 3481 1051 3557 Caelestini,
1074 3487 1170 3550 lnno-

202 3569 295 3628 ¹<rentii
310 3569 333 3640 l,
353 3573 483 3627 attamen
498 3583 655 3646 nunqnam
670 3564 751 3627 illani
773 3570 923 3642 liturgiam
937 3571 1039 3632 stricte
1051 3572 1171 3656 obliga.

203 3656 313 3715 :loriam
326 3653 476 3730 lecerunt,
492 3660 525 3715 ut
539 3653 648 3733 pariter
661 3660 775 3716 constat
788 3671 825 3714 ex
837 3673 971 3734 respons.
987 3658 1018 3718 S.
1034 3659 1171 3742 Gregorii

203 3742 245 3804 ad
268 3741 300 3805 S.
331 3745 458 3820 August.
490 3741 606 3817 angliae
630 3741 816 3807 Apostolum.
847 3744 904 3800 Seri
934 3751 1036 3806 octavo
1057 3749 1170 3814 sarculo
