2590 4208
471 275 626 320 Eteonon
647 269 730 316 Jlltts
751 265 899 313 ctuoulct.

559 434 774 500 dllTlCULUS
795 433 830 496 ll.

218 663 225 674 ,
260 613 297 658 DE
324 614 426 659 Nonnia-
447 608 587 656 Eurorum
612 605 782 652 Rsstlolosas
803 603 941 648 [lauretus
964 597 1111 650 NOl‘OSOUE

535 707 636 754 EARUH
657 703 839 750 GONVENTUS.

245 853 418 917 Dicendum
436 873 444 915 ι
461 857 492 916 l⁰
506 853 545 916 de
566 851 677 916 eadem
705 868 819 912 norma
833 847 985 911 canonice
1012 835 1141 926 erigendi
1157 860 1164 910 ;

202 947 235 1006 2⁰
249 944 288 1007 de
303 962 414 1007 norma
429 940 612 1006 instituendi
629 938 776 1002 civiliter.

659 1117 720 1197 tl·

205 1267 248 1328 De
268 1283 375 1328 norma
396 1263 533 1324 cononice
554 1259 690 1340 erigendi
708 1258 866 1338 religiosus
885 1255 1023 1339 [annilius
1044 1266 1070 1318 et
1090 1271 1168 1316 unum

558 1358 684 1420 illarum
710 1357 821 1418 domus.
847 1431 849 1434 Ι

604 1529 764 1554 „Ofi-

602 1696 747 1748 PUNGTUM
765 1695 783 1748 l.

346 1840 376 1880 ll!
394 1841 475 1880 donula
493 1839 611 1880 canonica
627 1841 741 1881 unrocum
758 1841 898 1880 urulorosns
916 1841 1038 1880 rasullas.

245 1964 315 2023 938.
338 1958 384 2020 nd
396 1959 540 2021 vitandas
554 1958 828 2040 equivocationes‚
843 1955 1169 2037 sensusquorumdam

205 2048 436 2112 vocabulorum
450 2057 497 2109 est
510 2045 771 2110 determinandus
789 2066 795 2108 :

247 2143 278 2198 l⁰
301 2137 357 2196 Par
383 2135 568 2217 Relt'qiones,
594 2136 730 2198 maxime
749 2134 775 2196 si
795 2133 941 2198 dieantur
958 2134 1102 2215 formales
1123 2142 1171 2196 aut

206 2227 308 2286 stricte
321 2223 420 2295 dictae,
439 2223 642 2303 intelligenda
656 2231 731 2286 sunt
746 2223 890 2286 instituta
904 2223 936 2284 in
950 2223 1071 2305 quibus
1085 2223 1171 2284 emit·

206 2322 317 2376 tumtur
328 2319 401 2374 vota
416 2312 582 2374 solemnia.

246 2401 279 2463 2⁰
300 2401 357 2462 Per
376 2399 620 2482 congregationes
634 2399 803 2480 religiosas,
820 2399 963 2462 instituta
991 2399 1170 2481 intelligun-

205 2500 256 2555 tur
271 2509 342 2572 quae
361 2491 530 2552 essentiam
545 2488 673 2571 quidem
689 2489 808 2551 habent
828 2497 927 2550 status
942 2487 1098 2568 religiosi,
1122 2487 1169 2552 sed

207 2582 239 2644 in
254 2581 371 2660 quibus
385 2579 540 2641 duntaxat
554 2581 744 2641 emittuntur
759 2584 832 2639 vota
845 2577 1012 2658 simplicia.

246 2674 279 2731 3⁰
299 2668 367 2731 Vox
379 2667 457 2730 Ordo
471 2669 634 2749 religiosus,
651 2667 739 2747 juxta
752 2664 948 2740 Suarezium,
964 2670 1169 2750 comprehen·

205 2759 254 2821 dit
268 2764 402 2837 utruque
420 2757 549 2838 praelata
566 2756 707 2818 instituta
724 2773 731 2816 :
755 2754 807 2816 sed
821 2755 910 2835 juxta
930 2755 1028 2833 alios,
1045 2776 1169 2838 praesor-

207 2847 264 2908 tim
280 2845 479 2921 recentiores,
497 2844 581 2907 idem
597 2842 753 2922 significat
768 2861 804 2904 ac
818 2843 935 2922 Religio
948 2841 1102 2910 formalis.

246 2940 279 2998 4⁰
300 2933 499 2998 Vocabulum
514 2933 688 2995 Institutum
713 2931 882 3012 religiosum
897 2933 979 2994 sumi
1003 2942 1105 3015 potest
1125 2934 1168 2997 val

208 3025 240 3086 in
262 3023 369 3085 stricto
384 3040 498 3094 sensu,
521 3022 617 3082 etsie
643 3020 787 3099 designat
813 3021 993 3083 institutum
1021 3024 1073 3088 cui
1096 3024 1170 3086 inest

206 3129 302 3174 omne
316 3109 402 3191 quod
419 3108 458 3170 ad
472 3109 638 3169 essentiam
656 3115 753 3170 status
767 3107 904 3186 religiosi
918 3110 1107 3192 requiritur,
1126 3112 1168 3174 rel

209 3202 238 3262 in
264 3201 328 3261 lato
350 3216 441 3260 sensu
457 3205 487 3257 et
510 3203 585 3258 tunc
607 3197 760 3278 arsplioari
780 3205 881 3277 potest
896 3198 983 3260 omni
1006 3217 1168 3280 congrega·

207 3289 285 3349 tioni
300 3287 464 3364 religiosae,
478 3286 535 3347 etsi
551 3285 582 3346 in
594 3303 630 3348 ea
646 3284 771 3347 nullum
786 3295 893 3347 votum
909 3287 1081 3352 emittatur.

246 3379 280 3436 50
301 3374 335 3436 ln
351 3373 541 3455 quibusdam
555 3373 709 3437 institutis
723 3375 828 3454 regula
840 3373 1044 3455 distinguitur
1055 3395 1072 3439 a
1083 3377 1168 3442 Cous

207 3463 425 3538 titutIonibus3
441 3461 506 3533 scd,
522 3462 610 3544 juxta
626 3460 656 3524 S.
674 3461 787 3541 Congr.
802 3462 905 3542 Episc.
922 3472 953 3524 et
967 3463 1092 3544 Regul„
1109 3466 1165 3530 dis-

207 3551 316 3614 tinctio
331 3552 398 3614 haac
422 3573 437 3610 u
456 3549 540 3612 haud
557 3550 734 3612 admittitur
749 3551 781 3610 in
807 3550 897 3611 nevis
917 3551 1084 3629 lnstitutis,
1101 3573 1166 3618 cum

207 3661 221 3698 a
247 3639 429 3718 regularum
451 3638 579 3700 nomine
602 3638 731 3700 veniant
754 3644 878 3699 tantum
893 3640 1009 3718 regulae
1024 3646 1166 3726 antiquo-

207 3747 222 3784 ο
247 3727 493 3790 rumordinum.
515 3743 586 3791 ouae
608 3726 684 3788 olim
707 3727 748 3788 ab
762 3727 942 3806 apostolica
958 3725 1037 3791 Sede
1060 3750 1162 3812 apum
