2574 4198
487 331 574 376 alban
594 329 727 375 TERTlUS.

125 436 179 500 sed
193 436 285 497 ctiam
300 429 505 512 suspendendi
519 430 558 491 ab
572 429 680 492 iisdem
690 429 868 492 ordinibus'
858 447 922 511 Jarn
935 421 1101 524 susceptis,

72 575 79 587 .
124 542 247 588 necnon
263 524 281 583 a
298 520 498 599 Dignitatibus
512 517 732 580 ecclesiasticis.
754 521 809 591 Oui
830 520 908 582 hanc
921 511 1104 598 propositio·

128 631 201 676 nem
217 615 383 690 regnent,
401 625 562 669 censuram
579 607 673 670 Bullae
693 608 846 669 Auctorem
864 605 938 688 fidei
952 622 1014 666 non
1028 598 1105 662 effu·

127 708 259 784 gfflerent
277 696 470 760 ubidicitur:

175 811 192 849 a
211 793 263 850 49
285 790 357 847 ltern
379 804 447 864 quae
461 785 585 846 damnat
604 789 638 847 ¹ut
657 784 755 846 nullas
773 794 802 846 et
816 782 961 845 invalidas
976 796 1107 882 suspen·

82 950 84 954 .
132 900 152 938 c
172 877 274 938 siones
294 893 332 936 ex
349 872 509 935 informato
524 873 731 936 conscientie:
753 872 854 954 falsa,
874 869 1060 954 perniciosa,
1076 867 1108 930 in

135 989 153 1024 a
174 963 409 1028 Tnffldentmon
396 961 561 1041 ιηβανιᾛοεα
556 966 562 1018 l

178 1075 194 1113 a
215 1057 265 1116 50.
289 1051 395 1114 ltem
388 1070 418 1110 rn
443 1068 480 1112 eo
501 1049 583 1131 qudd
598 1049 731 1112 insinuat
748 1051 803 1112 soli
819 1049 969 1130 Episcopo
984 1046 1029 1108 las
1047 1062 1105 1106 nor

137 1167 155 1202 «
174 1141 297 1206 essenti
313 1145 478 1221 potestate,
491 1158 582 1218 quam
601 1146 701 1199 tamen
718 1141 744 1200 ei
764 1138 860 1201 defert
872 1137 1006 1199 Trideoi.
1021 1136 1109 1214 (sess.

138 1256 155 1289 n
178 1233 228 1305 tt,
249 1248 277 1291 c.
296 1233 324 1303 l,
344 1227 388 1288 lte
403 1227 554 1307 reform),
575 1227 790 1308 suspensiones
810 1248 846 1290 ex
862 1227 1020 1289 informata
1033 1241 1110 1285 con·

139 1343 157 1380 a
177 1317 303 1398 scientia
322 1317 454 1396 legitime
478 1315 655 1396 infligendi:
674 1317 895 1398 jurisdictionis
914 1314 1112 1379 Proelatorum

140 1431 158 1468 c
175 1406 320 1470 Ecclesiae
332 1405 442 1466 loesiva.
459 1426 474 1462 o
885 1479 887 1482 Ι

177 1500 211 1556 4⁰
233 1496 277 1554 Ea
298 1511 335 1554 eo
349 1492 431 1572 qudd
445 1491 584 1572 Episcopi
601 1493 731 1555 habeant
744 1493 855 1554 dictam
871 1497 1047 1571 potestatm
1064 1509 1110 1551 ar-

136 1581 228 1646 cendi
238 1581 277 1643 ab
286 1581 442 1643 ordinibus
450 1582 689 1662 etsuspendendi
699 1601 734 1644 cx
747 1581 906 1643 inlormott
917 1581 1110 1658 conscientia,

139 1691 204 1734 non
225 1671 361 1752 sequitur
378 1688 432 1731 eos
449 1670 491 1732 sic
512 1689 601 1751 agere
619 1690 707 1752 posse
732 1670 807 1751 quin
830 1669 903 1748 ipsis
923 1676 1058 1744 constet,
1076 1687 1111 1730 ex

137 1759 359 1824 sufficientibus
389 1758 643 1839 probationibus,
673 1760 711 1822 de
743 1757 853 1820 delicto
871 1757 980 1836 clerici
1009 1764 1111 1818 contra

139 1867 234 1932 quem
252 1847 296 1909 sic
316 1847 532 1928 procedereat3
552 1849 688 1929 sequitur
700 1848 816 1909 tanturn
831 1865 883 1909 eos
897 1865 959 1907 non
978 1846 1113 1926 indigere

138 1938 177 2000 ad
193 1938 253 1999 hoc
268 1935 494 2017 probationibus
511 1936 658 2014 juridicis.
678 1938 744 1998 Imd
761 1953 821 1997 non
836 1935 945 1998 sufficit
960 1935 1041 2016 qudd
1056 1935 1113 1996 illae

140 2026 335 2107 probationes
359 2025 460 2106 ipsum
487 2026 671 2107 Episcopum
693 2027 873 2088 convincere
896 2024 1034 2100 valeant3
1061 2023 1113 2086 sed

141 2115 216 2178 tales
235 2132 302 2176 esse
324 2113 436 2174 debent
454 2132 523 2194 quae
542 2117 640 2178 Sacrae
656 2116 803 2196 congreg.
823 2113 955 2188 Concil,
969 2131 1039 2175 casu
1053 2131 1113 2193 quo

137 2203 179 2266 ad
191 2221 259 2266 eam
270 2220 412 2276 recursus
424 2201 524 2273 lieret,
538 2204 626 2282 justae
643 2224 678 2267 ac
689 2205 870 2267 sufficientes
879 2203 971 2266 videri
987 2203 1110 2284 possint.

180 2293 225 2360 lie
245 2290 369 2372 quidem
388 2292 479 2366 vert,
503 2309 540 2354 ex
563 2293 677 2356 Concil.
699 2295 845 2366 Trident„
870 2293 989 2355 «nulla
1010 2298 1114 2352 contra

143 2403 159 2440 ι
182 2380 278 2462 ipsius
299 2379 415 2440 Praelati
435 2379 619 2444 voluntatem
637 2403 781 2447 concessa
800 2381 920 2444 licentia
938 2381 975 2442 de
997 2399 1030 2442 se
1044 2399 1113 2460 pro·

144 2492 160 2527 n
184 2467 296 2530 moveri
308 2467 456 2546 iaciendo,
469 2477 521 2532 aut
533 2471 571 2532 ad
586 2473 701 2553 priores
715 2473 847 2544 ordines,
860 2469 970 2551 gradus
982 2476 1011 2530 et
1023 2469 1113 2548 digni·

140 2581 160 2618 u
182 2563 258 2618 tates
281 2557 341 2618 sire
366 2556 497 2620 honores
521 2561 689 2632 restitutio,
718 2560 873 2642 suffragari
896 2579 911 2617 a
935 2565 1054 2640 potest;
1081 2575 1115 2620 ac

140 2643 287 2727 proinde,
302 2644 333 2706 in
352 2663 423 2706 casu
442 2650 597 2710 sententiaa
613 2650 680 2712 latae
692 2670 728 2712 ex
743 2649 901 2712 informata
914 2647 1113 2726 conscientie,

141 2753 206 2796 non
228 2739 326 2814 potest
343 2733 486 2815 appellari
510 2738 547 2800 ad
570 2741 834 2821 Metropolitanum
857 2744 908 2800 aut
923 2738 1018 2798 alium
1036 2737 1115 2816 Papa

140 2821 335 2895 inferiorem,
353 2829 385 2884 ut
398 2831 514 2886 constat
528 2844 565 2888 ex
579 2828 717 2908 pluribus
737 2825 939 2888 decisionibus
956 2825 987 2884 S.
1003 2825 1113 2902 Congr.

141 2909 259 2974 Concil.
278 2909 358 2990 apud
373 2910 485 2974 Baned.
502 2917 568 2976 XIV
584 2915 640 2995 (De
656 2914 745 2997 Syn,
762 2913 812 2974 lib.
830 2917 867 2974 lb
880 2959 888 2988 ,
899 2929 965 2991 cap.
979 2914 1010 2985 8,
1029 2918 1062 2968 n⁰
1073 2913 1114 2988 5),

141 3005 170 3061 et
185 2999 217 3062 in
240 2999 325 3061 Bulla
348 2999 389 3061 cd
405 3000 570 3066 Militantis
589 3005 726 3084 ejusdem
746 3001 919 3074 Pontificis,
941 3009 976 3060 n⁰
990 3002 1047 3073 233
1064 2998 1121 3060 sed.

142 3087 171 3150 id
186 3107 249 3150 non
271 3089 394 3168 impedit
412 3093 575 3171 quominus
588 3095 682 3175 possit
697 3099 769 3155 tunc
786 3094 822 3154 ad
838 3090 947 3153 Sedem
967 3087 1116 3168 Apostoli-

142 3196 210 3240 cam
230 3178 343 3239 recurri
362 3197 369 3238 :
387 3179 477 3261 idque
500 3183 645 3262 probatur
664 3201 700 3244 ex
725 3181 843 3242 duabus
865 3176 1116 3240 declarationibus

143 3268 175 3330 S.
195 3267 307 3345 congr.
330 3267 422 3330 Gonc.
449 3270 547 3332 Prima
571 3272 614 3333 sic
639 3271 808 3333 sehabet:
835 3290 851 3328 o
876 3267 920 3328 Ad
942 3267 1116 3328 instantiam

147 3355 325 3436 «Episcopi
353 3358 548 3421 Vercellensis
575 3361 760 3442 supplicatur
787 3356 930 3419 declarari
935 3401 996 3418 .....
1015 3359 1048 3415 4⁰
1070 3361 1115 3418 rln

148 3443 307 3525 cquando
325 3444 500 3509 Ordinarius
527 3449 683 3529 suspendit
708 3449 840 3529 aliquem
864 3445 967 3526 vigore
991 3462 1059 3524 cap.
1085 3448 1115 3520 l,

149 3547 258 3593 «sess.
281 3535 329 3606 ll,
354 3533 397 3600 De
418 3535 561 3617 reform,
583 3544 720 3600 teneatur
737 3535 906 3616 exprimere
927 3533 1071 3595 delictum
1087 3537 1116 3594 et

150 3638 310 3684 «causam
340 3625 547 3706 suspensionis
579 3626 635 3709 ipsi
667 3644 745 3703 reo,
773 3625 798 3686 si
829 3621 1117 3704 illanrjudicialiter

150 3730 165 3768 ι
186 3716 304 3791 petat...
319 3709 335 3771 ‘l
358 3712 389 3774 S.
405 3713 641 3796 congregatio...
658 3714 850 3794 respondit...
866 3712 904 3773 ad
921 3715 974 3784 4²,
988 3708 1115 3771 Ordina-

151 3819 165 3855 σ
186 3797 280 3866 rium.
302 3797 326 3858 si
345 3803 513 3876 suspendat
532 3803 662 3885 aliquem
684 3806 787 3883 vigore
802 3819 868 3864 cao.
891 3804 920 3868 l,
937 3807 1035 3870 etc...,
1054 3815 1115 3858 non

1024 3892 1082 3938 firm

1253 57 1263 326 ι

1042 319 1268 740 l
