2552 4204
467 341 705 402 circumtantia,
1017 334 1075 395 687
1097 307 1098 313 ¹

96 439 291 501 committere
306 439 425 502 mulieri
440 439 611 502 facultatem
635 458 779 504 censuras
801 441 935 519 terendi3
959 450 988 505 et
1008 464 1079 526 pro-

98 527 232 588 babitiirs
246 534 395 606 negatur,
414 527 485 608 quia
498 527 564 590 haec
578 534 708 608 potestas
728 548 783 611 per
807 531 998 594 traditionem
1018 533 1070 595 eia·

96 615 184 677 vium
199 614 341 677 Ecclesiae
355 614 424 677 data
438 615 493 677 iuit
508 618 529 677 A
534 616 659 698 postolis
671 623 701 678 et
715 635 820 680 eorum
836 622 1070 696 successoribus,

99 705 131 766 in
157 701 270 784 quibus
294 704 378 766 nulio
408 704 500 766 modo
529 705 745 786 comprehendi
774 716 900 787 possunt
925 710 1074 774 mulieres.

73 799 76 827 ’·
98 793 200 872 Ergo,
214 797 271 854 etc.
286 825 325 840 -
340 793 370 854 Si
385 811 458 874 ergo
473 794 504 854 in
516 793 584 873 jure
600 793 678 876 (cap.
695 793 812 856 Dilecto
827 800 874 873 ta,
889 796 933 858 De
946 799 1074 879 mojorr't.

98 887 129 941 et
143 878 305 962 obediente)
331 880 489 944 Abbutr'ssoe
510 881 651 964 quaedam
670 882 812 945 dicuntur
827 903 915 965 posse
929 885 1076 964 subjectat

99 968 158 1030 sibi
171 969 300 1031 ciericos
314 969 498 1051 suspendere
512 971 550 1032 ab
564 970 663 1033 officio
676 973 720 1034 vel
736 973 884 1035 beneficio
899 991 906 1034 :
922 975 1080 1052 suspensio

99 1057 166 1121 lraec
180 1077 244 1120 non
259 1057 387 1121 habetur
400 1059 521 1140 proprie
535 1064 568 1122 ut
581 1079 708 1122 censura
719 1061 807 1143 cujus
826 1062 946 1124 violatio
965 1062 1080 1143 irregu-

100 1145 251 1209 laritatem
267 1147 397 1224 inducit,
411 1147 463 1210 sed
479 1149 535 1211 iate
547 1154 576 1210 et
587 1149 765 1232 improprie,
781 1155 810 1213 et
823 1152 921 1232 potitis
935 1155 1080 1233 tanquam

101 1253 156 1315 per
176 1244 364 1317 praeceptum
380 1237 538 1300 Abbatis'sa
553 1238 682 1315 elerico,
697 1239 923 1321 quodammodo
938 1241 993 1302 sibi
1007 1241 1079 1302 sub-

97 1325 203 1402 jecto,
223 1325 363 1406 prohibet
387 1324 486 1388 missae
509 1325 742 1390 celebrationem
763 1328 862 1392 donec
884 1329 1079 1406 satisfecerit,

101 1413 241 1476 redditus
255 1413 393 1475 beneficii
408 1407 524 1476 interea
535 1413 563 1478 ei
577 1415 748 1480 detrahens.

140 1505 176 1564 E·
190 1499 230 1564 Ut
242 1501 284 1563 sit
299 1501 478 1584 baptizatus,
489 1501 570 1585 quia,
583 1504 636 1586 qui
650 1523 712 1567 non
726 1510 771 1568 est
785 1505 816 1568 in
826 1506 974 1581 Ecclesia,
985 1524 1079 1589 capax

102 1609 166 1652 non
181 1597 225 1652 est
236 1591 453 1669 jurisdictionis
467 1592 686 1656 ecclesiastice.

141 1682 177 1741 3·
202 1677 243 1742 Ut
261 1680 300 1740 sit
311 1680 416 1761 primct
429 1681 548 1742 tonsuret
565 1681 726 1762 insipnitus
740 1682 819 1764 (cap.
836 1681 1026 1745 Decernimus
1038 1689 1077 1761 2,

104 1769 147 1829 De
155 1766 312 1850 judiciis).

141 1860 177 1917 d·
203 1855 245 1919 Ut
255 1857 293 1916 u't
304 1857 431 1918 rationis
442 1857 650 1940 compos:imd
659 1858 748 1920 debet
757 1857 1077 1922 habereintentionem

102 1943 217 2026 ligandi
235 1962 308 2006 eum
321 1953 427 2007 contra
441 1959 532 2026 quem
546 1946 604 2008 fert
616 1964 777 2010 censuram
794 1949 871 2029 (cap.
890 1946 961 2011 Cum
976 1949 1079 2012 uolun-

103 2040 178 2109 tate,
191 2031 323 2096 Deserat.
335 2035 502 2114 excomm).
725 2030 728 2036 ’

140 2123 176 2184 5·
200 2119 242 2184 Ut
262 2120 364 2182 lrabeat
380 2121 621 2202 jurisdictionem
648 2122 817 2206 expeditum
838 2124 938 2207 quood
959 2146 1041 2189 usum
1065 2148 1077 2191 .·

102 2209 186 2272 unde
209 2211 378 2292 Episcopus
398 2212 693 2291 excommunicatus,
715 2231 897 2294 suspensus,
920 2214 1078 2282 hereticus

103 2303 158 2362 aut
170 2297 379 2362 schismaticus
392 2318 455 2362 non
469 2306 567 2381 potest
580 2299 656 2363 ferre
676 2319 835 2374 censuras,
856 2303 947 2364 etiam
964 2305 1076 2384 valide,

101 2389 206 2450 sinon
225 2388 263 2448 sit
281 2388 439 2466 toleratus,
463 2407 519 2452 nee
532 2388 631 2465 licite,
654 2390 771 2452 etiamsi
783 2391 926 2453 toleratus
940 2392 977 2453 sit
996 2394 1074 2476 (cap.

103 2476 335 2558 Exceptionem,
360 2477 405 2539 Dc
417 2477 568 2559 except.);
584 2485 613 2540 et
632 2478 700 2540 ided
715 2480 851 2540 Vicarius
864 2481 1005 2560 Episcopi
1024 2500 1076 2544 ex·
1189 2535 1190 2540 ,

101 2565 320 2630 communicati
335 2573 386 2627 aut
400 2565 556 2646 suspensi,
583 2585 644 2628 non
660 2573 757 2646 potest
771 2585 893 2648 quoque
908 2567 985 2630 ferre
999 2587 1075 2632 een-

101 2672 200 2732 suras,
215 2671 252 2716 ex
266 2672 332 2734 cap.
348 2657 377 2729 t,
393 2653 437 2716 De
451 2654 542 2736 officio
565 2653 681 2718 Vicarii
690 2700 699 2725 ,
713 2654 744 2716 in
758 2659 801 2718 6⁰.

140 2741 330 2825 Regulariter
344 2743 526 2825 Episcopus,
546 2750 630 2806 extra
652 2743 806 2826 propriam
826 2743 981 2808 dioecesim
995 2747 1073 2811 exis-

101 2842 180 2910 tens,
196 2849 258 2894 non
277 2837 374 2914 potest
387 2831 465 2894 terre
484 2850 627 2896 censuras
645 2832 678 2893 in
693 2832 827 2894 subditos
850 2853 906 2914 per
918 2837 1075 2901 sententia

102 2922 230 2984 modum
252 2921 329 3002 (cap.
349 2921 496 3002 Episcopi
515 2925 546 2998 9,
571 2940 602 3002 q.
619 2925 638 2982 E
656 2938 663 2980 :
679 2921 824 2983 Clement.
852 2920 1008 2996 Quamuis,
1032 2925 1074 2988 De

101 3012 167 3090 suro
184 3014 339 3092 compet.);
360 3011 413 3072 sed
427 3014 525 3089 potest
545 3028 599 3091 per
613 3009 739 3071 modum
753 3010 895 3092 praecepti
910 3018 960 3072 aut
974 3014 1075 3076 statuti

100 3100 139 3161 ad
161 3099 262 3163 futura
283 3099 410 3161 crimina
432 3098 637 3179 praecavenda.
659 3098 853 3161 -Diximus
876 3099 1058 3180 reputariter

102 3188 173 3270 quia
186 3205 274 3251 casus
287 3191 447 3268 sequentes
461 3191 532 3248 sunt
545 3186 713 3268 excipiendi
731 3204 739 3246 ε
756 3191 789 3247 t⁰
802 3186 827 3248 si
836 3189 1027 3250 contumacia
1037 3191 1061 3255 si

101 3283 166 3340 tam
188 3275 347 3338 manifesta
369 3281 403 3337 ut
429 3291 491 3335 non
516 3274 648 3355 indigeat
671 3273 844 3356 cognitione
873 3293 971 3339 causae
995 3285 1071 3362 (capr

102 3365 264 3448 dtuuisestu
275 3367 305 3439 E,
319 3382 350 3445 q.
369 3363 418 3441 t);
433 3366 467 3426 E·
487 3362 512 3424 si
526 3379 617 3426 causa
631 3364 670 3424 sit
686 3363 750 3442 jam
768 3362 889 3444 cognitu
903 3365 934 3426 in
953 3370 1074 3450 proprio

101 3453 268 3530 territori03
283 3455 317 3515 3⁰
331 3452 356 3513 si
370 3452 538 3533 Episcopus
557 3450 595 3512 sit
608 3451 718 3530 injuste
738 3453 881 3533 expulsus
895 3454 912 3515 d
927 3459 980 3517 sua
995 3459 1074 3522 dice-

101 3543 164 3606 ceai
180 3561 189 3604 2
205 3541 258 3605 sed
273 3547 347 3603 tunc
359 3541 420 3621 peti
433 3539 523 3602 debet
544 3539 662 3601 lieentia
683 3539 721 3600 ab
739 3539 909 3619 Ordinario,
929 3543 998 3607 ticet
1013 3565 1074 3610 uon
1191 3589 1195 3594 -

99 3631 274 3696 obtineatur
290 3649 297 3692 :
314 3629 459 3690 Clement.
480 3625 620 3704 Quamuis
633 3626 724 3690 modd
738 3629 841 3705 citata3
858 3634 891 3691 4⁰
905 3632 929 3692 si
943 3634 1071 3698 Ordina—
1126 3639 1128 3643 '

99 3723 164 3786 rius
185 3718 246 3783 loci
268 3724 297 3780 ct
314 3724 414 3800 partes
431 3716 464 3779 in
483 3715 514 3777 id
532 3717 733 3779 consentiant.
754 3719 836 3780 Bene
856 3725 957 3780 tamen
978 3730 1073 3802 potest

99 3809 269 3892 Episcopus
283 3811 366 3868 extra
378 3823 463 3868 suam
476 3803 629 3868 dioecesim
643 3804 787 3879 existens,
802 3807 867 3868 sine
881 3809 1006 3898 strepitu
1018 3809 1071 3890 ju·
