2604 4196
447 249 533 294 crure
551 249 712 294 sucuuous.
753 271 763 280 =-
850 281 864 306 ,r
1013 235 1065 293 531

98 338 151 401 bus
163 363 254 446 ‚qur
232 345 378 426 proinde
389 366 461 408 non
465 355 535 408 sunt
547 345 752 420 accendendi
766 347 825 408 nisi
841 347 880 408 in
887 346 1069 410 benedictio-

98 427 225 492 uibus
198 452 356 522 cinerum,
374 436 567 516 palmarum,
590 441 619 495 el
634 435 855 498 candelarum
848 455 879 496 rn
893 436 942 504 (lie
962 433 1070 498 Purifi-

99 519 232 583 calionis.

135 609 193 672 Des
207 610 481 690 benedicenda,
458 633 483 675 ει
505 613 565 674 sint
580 619 755 694 paramenta
770 611 983 682 sacerdotalia,
1000 617 1071 694 poni

98 706 220 776 possunt
244 719 334 782 super
352 702 461 779 altarc3
487 720 574 764 secus
590 707 631 762 esl
649 699 833 778 dicendum,
852 703 936 780 iuxta
952 702 1072 764 Rituole

100 785 279 865 Rauranum,
299 791 327 851 si
350 790 411 852 sint
431 790 604 866 esculenta,
623 796 721 852 vestes
747 789 946 864 monialium,
967 809 1071 868 enses,

96 877 211 956 serilla,
230 877 366 942 candelae
387 885 415 942 el
431 881 490 942 alia
512 878 706 958 hujusmodl,
729 896 799 960 quaa
817 878 990 940 collocanda
1005 885 1074 941 suut

95 984 187 1048 super
202 986 341 1038 mensam
355 975 425 1030 ante
440 969 543 1044 altare,
557 968 607 1030 rel
617 967 648 1029 in
663 986 760 1030 cornu
773 967 925 1047 Epistolae.

138 1076 153 1114 c
171 1057 248 1118 Glrm
263 1057 403 1119 sacerdos
416 1057 529 1138 aliquid
544 1055 758 1118 benedicturus
771 1062 832 1130 est,
849 1055 954 1118 habeat
969 1055 1072 1117 minis·

96 1165 108 1199 a
136 1149 216 1206 trum
236 1163 311 1208 cum
333 1163 402 1206 vase
421 1163 508 1224 aquae
526 1143 693 1206 benedicte
715 1151 744 1218 el
764 1144 943 1224 aspergillo,
962 1150 1073 1208 etcum

97 1254 109 1288 n
135 1232 192 1296 hoc
205 1233 318 1295 Riluali
333 1233 410 1294 libro
425 1251 477 1295 sen
493 1232 616 1294 Missali.
632 1253 647 1290 u
665 1231 728 1294 Bit.
747 1233 869 1294 Roman.

137 1326 204 1386 706.
228 1321 356 1397 Quaerit.
379 1327 409 1382 l·
431 1324 576 1394 Quaenam
601 1321 660 1394 sint
679 1321 811 1382 notanda
827 1322 908 1385 circa
929 1322 1073 1388 benedic·

101 1409 209 1472 tionem
225 1419 256 1473 et
271 1410 479 1492 aspersionem
494 1409 607 1490 aquael

138 1502 226 1580 Resp.
246 1507 279 1560 l⁰
293 1499 388 1579 Aquae
402 1499 572 1561 benedictio
586 1498 651 1560 fieri
668 1498 758 1561 debet
771 1499 897 1580 singulis
911 1500 1075 1562 Dominicis

103 1592 130 1646 et
145 1589 264 1668 quoties
282 1606 359 1668 opus
377 1587 465 1650 luerit
482 1607 489 1648 :
508 1588 699 1668 excipiuntur
717 1587 748 1648 in
766 1588 887 1650 Messall
909 1589 1074 1650 Dominicae

104 1676 249 1740 Paschatis
274 1683 304 1739 et
321 1678 513 1740 Pentecostes
529 1678 559 1738 in
578 1677 712 1738 ccelesiis
732 1677 783 1738 ubi
808 1683 851 1738 est
870 1676 936 1738 lons
960 1677 1074 1756 baptis·

104 1766 201 1839 malis,
216 1767 256 1828 eb
277 1765 359 1845 quod
369 1766 406 1828 in
428 1765 463 1827 iis
478 1765 531 1827 liat
550 1764 683 1846 aspersio
696 1783 767 1828 cum
781 1767 858 1844 aqua
872 1765 968 1844 pridie
982 1765 1074 1826 bene·

105 1853 206 1918 dicta
199 1874 231 1918 rn
258 1854 342 1918 sonte
362 1855 549 1938 baptismali,
572 1859 642 1916 ante
660 1853 842 1916 infusionem
863 1853 921 1916 olei
940 1855 1074 1916 etclrris·

107 1945 339 2026 matisacceplt.

140 2035 210 2096 llaec
233 2031 407 2095 benedictio
425 2035 510 2114 iuxta
531 2031 664 2108 Missam,
684 2032 743 2094 fit
736 2052 767 2095 m
786 2032 935 2104 sacristia,
951 2039 980 2096 et
991 2035 1074 2113 juxta

107 2121 223 2186 thuale
247 2122 391 2199 Romam,
411 2122 443 2185 in
465 2122 593 2192 ecclesia
605 2122 644 2185 ad
657 2082 770 2184 bltare
763 2143 795 2184 m
810 2141 905 2184 cornu
919 2123 1075 2203 Epistola,

107 2212 176 2273 rel'
169 2231 200 2274 ru
215 2211 376 2274 sacristia:
394 2230 463 2292 quae
475 2211 601 2274 diversae
615 2211 825 2292 dispositiones
839 2211 990 2273 conciliari
1006 2231 1074 2292 pos·

107 2299 333 2377 suol‚dieeudo
343 2298 466 2364 lllissale
476 2301 625 2381 respicere
635 2300 729 2362 solam
740 2299 1075 2380 benedictionemaquae

108 2389 136 2450 in
157 2389 264 2452 diebus
283 2389 451 2452 Dominicis
474 2396 543 2451 ante
566 2390 687 2450 missam
711 2389 898 2464 solemnem,
924 2407 992 2469 quae
1011 2389 1074 2449 fieri

108 2479 221 2540 lantlrm
246 2475 338 2539 debet
359 2477 390 2538 in
413 2478 562 2555 sacristia;
580 2478 655 2539 dum
670 2478 793 2540 llitucle
811 2477 944 2558 loquitur
955 2477 993 2538 de
1007 2482 1076 2558 qua-

108 2585 234 2648 cumque
250 2583 340 2646 aquae
351 2566 563 2629 benedictione
576 2585 645 2648 quaa
655 2565 741 2630 ficret
753 2567 800 2628 vel
812 2566 842 2627 iu
854 2565 1017 2629 Dominicis
1029 2567 1076 2629 vel

107 2654 167 2717 aliis
180 2655 315 2728 diebus,
330 2673 460 2736 quaeque
476 2655 540 2718 lieri
555 2661 651 2736 potest
664 2675 701 2717 ex
717 2653 834 2717 Rr'touli
847 2655 879 2716 in
893 2653 1019 2717 ecclesia
1032 2656 1075 2717 vel

109 2743 135 2804 in
143 2746 294 2808 sacristia:
304 2745 366 2806 imb
379 2762 417 2805 ex
432 2743 601 2806 rationabili
613 2747 703 2806 coust
712 2745 803 2806 etiam
817 2743 1075 2806 extraecclesiam.

142 2838 174 2896 2⁰
195 2837 230 2896 lu
252 2832 465 2896 benedictione
484 2851 571 2914 aquae
594 2833 728 2894 adhiberi
747 2839 844 2913 potest
862 2831 905 2893 sal
926 2831 1076 2893 exorciza-

109 2927 168 2984 tum
191 2943 248 3004 pro
275 2921 486 2987 benedictione
507 2921 664 2998 anteriori,
679 2928 708 2984 et
724 2921 755 2982 in
770 2921 852 2983 huno
866 2937 956 2983 usum
975 2937 1059 2983 serva

109 3015 178 3074 tum.
195 3013 227 3075 S.
242 3013 301 3074 Rit.
320 3013 444 3092 Congu,
459 3015 478 3074 8
492 3029 557 3093 apr.
574 3015 664 3088 1713,
680 3019 713 3074 n⁰
727 3015 817 3074 3704.

145 3102 175 3164 3·
198 3101 341 3183 Aspersio
357 3100 423 3162 lieri
436 3099 524 3162 debet
540 3101 682 3165 omnibus
697 3099 862 3162 Dominicis
873 3105 942 3162 ante
955 3099 1076 3163 missam

111 3189 325 3272 principalem,
338 3189 398 3252 sive
408 3187 473 3252 haec
486 3189 577 3254 missa
591 3191 765 3254 solemniter
777 3195 914 3252 cantetur
927 3189 988 3252 sive
1002 3209 1074 3261 uon,

111 3276 222 3340 etiamsi
238 3277 409 3360 expositum
423 3284 500 3340 esset
512 3281 563 3340 SS.
579 3281 819 3353 Sacramentum,
831 3277 888 3340 nisi
902 3284 1003 3340 tamen
1016 3280 1077 3360 ipsa

112 3361 275 3448 Episcopus
288 3367 434 3439 celebret,
447 3367 518 3448 quia
527 3375 600 3430 tunc
611 3369 744 3450 aspersio
753 3367 982 3446 estomilleuda,
994 3377 1077 3448 Juxta

114 3451 325 3518 Cerenoniole
336 3453 479 3538 Episcop.

150 3555 294 3636 Aspersio
308 3555 373 3618 lieri
387 3555 476 3618 debet
489 3575 542 3637 per
551 3531 774 3630 celebrantem,
791 3575 853 3618 non
863 3573 918 3638 per
931 3517 1036 3631 aliurn,
1050 3564 1080 3615 et

115 3642 208 3705 multb
228 3644 331 3707 minus
351 3662 405 3726 per
424 3645 605 3724 diaconum,
628 3665 689 3709 non
710 3647 848 3708 obstante
861 3642 1080 3707 consuetudine

111 3733 266 3806 contraria,
278 3751 346 3812 quae
357 3733 457 3810 potius
466 3732 635 3815 corruptela
645 3743 688 3823 est
698 3734 876 3802 dicenda,
848 3751 917 3794 cum
929 3733 1079 3811 sitfloonlra
