2618 4212
544 298 704 346 urrunnu.
1062 281 1120 345 lle

132 415 312 479 commissa.
330 414 402 480 Haec
417 421 523 480 autem
537 414 630 480 debet
644 434 713 480 csso
734 415 871 497 occulta,
885 425 916 481 et
938 415 982 481 ita
1004 418 1118 499 gravis,

132 512 167 567 ut
182 505 278 568 talem
291 512 510 588 promereatur
525 505 741 587 punitionem.

171 617 186 652 ι
204 594 234 656 7.
250 594 297 657 ne
312 592 374 658 hoc
386 603 493 658 autem
506 602 541 658 ut
557 593 597 656 sit
611 594 737 658 occulta
758 596 942 679 requiritur,
961 603 996 660 ut
1014 615 1119 680 neque

132 683 163 747 in
175 682 345 766 judicium,
360 701 465 766 neque
480 683 513 746 in
527 700 672 747 rumores
688 683 774 767 vulgi
789 685 926 749 deducta
947 685 998 763 sit,
1016 705 1121 768 neque

132 770 265 851 insuper
306 771 463 854 ejusmodi
491 790 627 836 numero
663 780 694 836 at
723 773 869 854 qualitati
909 792 1119 858 personarum

75 883 81 890 ·
131 861 258 941 cognita
272 860 325 936 sit,
340 863 427 925 unde
440 860 593 925 delictum
612 861 733 926 censeri
749 860 863 926 debeat
877 863 1055 928 notorium.

174 953 234 1012 «8.
249 946 368 1014 Verum
375 957 461 1014 tenet
473 950 570 1013 etiarn
578 950 745 1033 suspensio
759 951 785 1013 si
800 969 839 1015 ex
854 950 999 1033 pluribus
1020 952 1120 1017 delic-

130 1039 170 1100 tis
185 1037 316 1121 aliquod
335 1038 429 1102 luerit
450 1049 562 1103 notum
576 1041 609 1102 in
623 1039 755 1121 vulgus3
771 1041 867 1104 antei
884 1041 1018 1120 crimen,
1033 1044 1119 1124 qnod

131 1135 206 1190 anta
220 1129 467 1210 suspensionem
476 1127 580 1192 iuerat
591 1127 765 1205 occultum,
775 1127 1003 1214 deincepspost
1017 1131 1119 1215 ipsam

133 1216 231 1280 luerit
243 1216 284 1280 alr
300 1217 372 1281 aliis
381 1218 583 1298 evulgatum.

174 1330 190 1364 ι
206 1305 236 1369 9.
251 1305 400 1370 Prudenti
412 1307 548 1372 arbitrio
564 1308 770 1389 prelatorum
783 1308 976 1391 relinquitur
988 1329 1120 1395 suspen-

23 1425 29 1438 ·
133 1396 232 1459 sionis
247 1414 388 1472 causam,
406 1414 461 1459 scu
477 1397 579 1478 ipsam
592 1400 721 1481 culpam
735 1397 934 1481 delinquenti
950 1407 1005 1465 aut
1030 1409 1119 1484 pate·

134 1484 248 1562 lacere,
264 1493 320 1549 aut
333 1485 476 1550 reticere.
495 1488 602 1551 Partes
616 1488 760 1571 alioquin
784 1488 953 1570 pastoralis
964 1490 1119 1554 sollicitu-

132 1574 218 1638 dinis
242 1583 273 1637 et
298 1574 462 1639 charitatis
487 1577 674 1640 eorumdem
699 1585 804 1653 erunt,
833 1586 866 1640 ut
891 1577 917 1641 si
941 1577 1118 1643 istiusmodi

133 1681 263 1745 poenam
284 1681 438 1746 suspenso
452 1663 654 1729 manifestare
668 1665 859 1741 censuerint,
880 1665 947 1746 ipsa
961 1683 999 1730 er
1016 1676 1119 1748 pater·

133 1754 195 1828 nis,
212 1770 291 1834 quas
311 1754 527 1836 interponent,
546 1754 792 1832 monitionibus,
809 1753 930 1818 nedum
957 1754 996 1818 ad
1012 1755 1119 1837 expia-

133 1841 497 1924 tionem'culpm,verum
508 1843 603 1906 etiam
619 1845 658 1906 ad
669 1841 924 1908 emendationem
933 1841 1117 1926 delinquen·

132 1933 186 2008 tis,
201 1940 232 1995 et
247 1931 286 1994 ad
300 1933 500 1996 occasionem
516 1933 671 2016 peccandi
694 1930 926 1998 eliminandam
949 1931 1113 1998 inserviat.

176 2052 191 2088 s
209 2028 257 2092 to.
272 2028 471 2093 Meminerint
481 2047 556 2095 vero
572 2029 732 2113 presules,
750 2029 874 2114 quodsi
889 2037 1000 2092 contra
1014 2031 1119 2095 decre·

132 2129 214 2196 tum,
241 2137 305 2201 quo
332 2119 468 2202 irrogata
485 2119 544 2182 luit
559 2120 737 2202 suspensio,
762 2126 988 2202 promoveatur
1009 2139 1118 2185 rccur·

132 2227 187 2273 sus
202 2207 243 2271 ad
255 2209 467 2292 apostolicam
478 2205 603 2286 Sedem,
614 2217 691 2272 tunc
704 2209 789 2292 apud
804 2209 906 2292 ipsam
918 2211 1118 2293 comprobari

131 2298 228 2364 debet
241 2299 346 2380 culpa,
359 2317 430 2380 qnae
444 2298 548 2363 eidem
564 2299 699 2382 praebuit
709 2300 920 2364 occasionem.
930 2295 1119 2364 Consultnm

133 2388 252 2452 idcirco
267 2389 337 2465 erit,
352 2397 387 2451 ut
401 2394 574 2470 antequam
590 2388 658 2453 hmo
671 2407 766 2470 poena
777 2387 1119 2472 infligatur,probatio

132 2497 190 2542 nas
202 2476 298 2552 illius,
314 2478 523 2560 quantumvis
535 2478 818 2558 extrajudicialiter
830 2486 861 2540 et
877 2486 1010 2552 secreto,
1027 2478 1119 2541 colli·

130 2568 321 2648 pantania
339 2574 375 2630 ut
389 2584 427 2630 eo
443 2567 525 2648 ipso,
544 2567 716 2650 quodcum
733 2566 822 2630 omni
837 2565 1029 2630 certitudine
1050 2565 1120 2630 cul-

132 2654 306 2740 pabilitatis
315 2655 348 2718 in
362 2656 530 2738 punitione
543 2655 711 2719 inlerenda
727 2653 920 2738 proceditur,
933 2655 958 2717 si
969 2655 1120 2738 deinceps

131 2763 229 2809 causa
242 2746 454 2809 examinanda
468 2754 514 2810 est
529 2746 615 2827 apud
633 2745 846 2828 Apostolicam
857 2742 983 2826 Sedem,
1000 2746 1119 2827 proba-

130 2835 235 2898 tiones
249 2835 392 2897 criminis
412 2835 445 2898 in
457 2851 510 2898 cas
524 2835 724 2899 difficultates
740 2834 828 2898 haud
844 2833 1035 2916 impingant,
1049 2853 1120 2916 quae

131 2933 168 2988 ut
182 2923 358 3005 plurimum
370 2931 543 2988 occurrunt
558 2924 590 2987 in
605 2923 788 2987 istiusmodi
803 2922 941 3005 judiciis.

186 3021 273 3084 cll.
303 3022 329 3084 ll
354 3021 481 3085 decreto
509 3021 728 3104 suspensionis
763 3037 802 3084 ex
825 3017 994 3081 informata
1024 3035 1118 3082 cons·

130 3110 249 3174 cientia
279 3128 343 3174 non
375 3110 470 3173 datur
502 3110 675 3193 appellatio
714 3109 754 3172 ad
782 3107 923 3171 tribunal
950 3108 1123 3190 superioris

130 3199 265 3264 ordinis.
290 3198 462 3282 Postquam
489 3199 609 3264 idcirco
632 3199 767 3263 clericus
796 3196 1036 3261 intimationem
1053 3214 1123 3260 sus-

132 3288 296 3374 pensionis
312 3289 472 3364 lrabuerit,
488 3288 737 3352 sinihilominus
758 3285 1005 3370 appellationem
1022 3286 1122 3349 inter·

134 3395 263 3462 ponere,
283 3379 415 3462 ejusque
428 3379 562 3443 obtentu
575 3379 607 3441 in
621 3377 714 3441 altari
741 3377 932 3453 ministrare,
962 3394 1017 3439 seu
1040 3394 1118 3459 quo-

106 3525 111 3537 ,
134 3467 180 3530 vis
192 3469 287 3531 modo
303 3487 396 3532 suum
414 3468 560 3532 ordinem
582 3466 767 3532 solemniter
780 3484 925 3530 exercere
937 3473 1117 3548 prasumat,

132 3555 238 3620 statim
253 3557 363 3620 incidit
377 3557 409 3619 in
422 3556 710 3637 irregularitatem.

174 3653 262 3715 cli.
294 3653 414 3719 Saurea
448 3672 547 3720 rnusn
583 3671 676 3718 rrrsr
709 3670 816 3718 rnrrus
850 3672 889 3718 nn
925 3669 1121 3717 rrosroncnn

127 3760 244 3820 aunem
270 3751 301 3807 et
323 3744 357 3807 in
380 3761 455 3808 casu
483 3761 548 3828 que
574 3743 710 3810 clericus
734 3743 855 3828 absque
890 3740 1058 3807 sufficienti
1087 3760 1123 3804 ac
