2574 4198
205 273 243 330 82
455 281 607 358 uxulxsum
629 277 711 325 rums
731 274 881 324 canotum.

189 404 204 439 a
223 381 373 458 buslibet,
389 388 423 444 ul
440 380 555 442 dictum
574 385 636 454 est,
658 375 833 450 interdicto,
854 373 914 436 hoc
928 379 1068 439 nostrum
1084 378 1159 443 Bre-

188 494 204 530 (ι
224 471 362 546 viarium,
379 489 413 532 ac
425 470 565 551 precandi
581 465 789 550 psallendique
802 463 964 525 formulam
979 463 1161 532 inomnibus

130 617 132 626 ,
189 582 204 618 n
223 558 355 621 uniuersi
367 556 453 622 Orbis
463 559 598 622 ecclesiis
611 604 618 628 ,
631 551 837 627 monasteriis,
853 551 1018 615 Ordinibus
1029 559 1059 616 el
1075 554 1161 635 locis,

189 670 203 706 a
224 645 314 710 otiam
324 649 487 729 exemptis,
502 647 533 708 in
544 641 795 726 quibusoffieium
810 658 848 702 ox
863 659 948 703 more
961 648 991 704 et
1005 641 1064 705 ritu
1074 643 1162 710 diclae

187 758 204 791 (ι
225 737 370 799 Romame
381 736 524 798 Ecclesiae
537 735 596 796 dici
610 733 715 805 debet,
731 737 782 791 aut
796 729 952 791 consuevit
964 775 973 806 ,
987 729 1071 794 salva
1085 752 1163 812 prae·

187 847 204 882 r
225 823 307 888 dicta
323 825 511 887 institutione
525 823 573 886 vel
592 818 815 882 Consuetudine
836 818 997 898 praedictos
1016 819 1163 886 ducentos

190 937 204 971 l
226 931 324 976 annos
336 920 509 995 superante,
524 911 720 994 praeeipimus
733 907 884 968 observari
897 926 905 968 ε
920 913 1085 972 statuentes
1095 911 1162 974 hre-

188 1027 205 1061 «
226 1003 353 1065 riarium
363 1002 448 1064 nullo
461 1017 597 1082 unquam
611 1007 765 1077 tempore,
780 995 826 1058 vel
836 1002 933 1058 tntum
946 1042 955 1072 ,
967 997 1012 1058 rel
1027 1014 1063 1059 ex
1080 1011 1164 1078 parte

189 1116 206 1151 a
227 1090 406 1154 mutandum
417 1137 426 1166 ,
437 1090 482 1153 vel
497 1091 524 1152 ei
538 1087 653 1168 aliquid
664 1084 853 1162 addendum,
866 1085 912 1147 vel
927 1085 1054 1150 omuino
1067 1088 1164 1152 detra·

191 1203 207 1238 r
227 1179 362 1242 hendum
376 1193 462 1249 esses
477 1196 513 1240 ac
527 1191 749 1256 quoscumque,
765 1175 818 1253 qui
836 1173 925 1236 horas
939 1175 1114 1254 canonicas,
1127 1196 1163 1241 ex

191 1292 208 1326 a
228 1285 314 1330 more
327 1271 357 1328 et
370 1266 429 1329 ritu
442 1266 536 1348 ipsius
545 1267 690 1326 Romane
705 1261 857 1338 Ecdeme,
868 1263 936 1340 iure
947 1263 994 1325 vel
1005 1273 1164 1330 consuetu·

189 1381 207 1414 a
228 1355 299 1418 dine
325 1354 426 1418 dicere
451 1354 497 1417 uel
523 1353 650 1434 psallere
672 1351 809 1424 dehent,
838 1349 998 1431 propositis
1025 1354 1163 1432 poenis...

189 1471 208 1504 a
229 1443 399 1508 constitutis
423 1441 454 1505 in
482 1442 607 1522 eosqui
629 1440 767 1502 divinum
788 1438 921 1500 officium
942 1441 1078 1520 quotidie
1104 1462 1165 1506 non

173 1594 178 1604 ,
195 1558 209 1593 a
228 1533 375 1595 dixerint:
391 1530 428 1593 ad
443 1530 607 1592 dicendum
622 1535 651 1590 et
665 1527 853 1609 psallendum
870 1527 994 1608 posthac
1006 1529 1037 1590 in
1051 1549 1166 1614 perpe-

191 1646 209 1681 «
228 1630 315 1686 tuum
330 1621 456 1682 horas..
423 1667 456 1682 ...
466 1638 523 1696 ,ex
534 1619 625 1700 hujus
636 1616 765 1678 Romani
776 1615 917 1678 Breviarii
932 1619 1164 1700 praescripto...,

192 1711 356 1774 «omnino
377 1708 491 1784 teucri;
511 1708 764 1787 neminemque..
790 1704 847 1766 nisi
867 1703 925 1768 hac
951 1706 1015 1770 sold
1035 1706 1165 1774 formula

192 1823 210 1860 a
230 1799 399 1863 satisfacere
414 1815 539 1878 posse...
556 1818 572 1856 u

231 1889 345 1951 Similia
358 1886 521 1948 dicuntur
514 1903 545 1946 m
562 1885 648 1947 Bulla
660 1884 722 1960 Quo
731 1884 867 1965 primum
885 1891 1016 1965 tempore
1028 1855 1166 1966 ejusdcm

191 1976 345 2040 pontificis
378 1975 464 2034 initio
491 1975 620 2036 Missalis
652 1973 798 2054 praefixa,
825 1971 877 2035 ubi
906 1974 997 2036 etiam
1021 1978 1166 2058 legitur:

195 2088 210 2125 x
230 2065 308 2128 Huic
321 2063 432 2125 Missali
448 2065 520 2123 Nost
509 2069 555 2123 tro
574 2081 670 2142 nuper
685 2063 787 2140 edito,
801 2061 875 2123 nihil
893 2079 1029 2143 unquam
1049 2067 1168 2130 addeu-

195 2177 210 2214 α
229 2155 323 2230 dum,
341 2150 575 2224 detrahendum,
588 2159 639 2212 aut
654 2150 876 2212 immutandum
886 2148 1093 2230 decernendo,
1110 2157 1170 2220 sub

195 2265 210 2302 a
230 2240 446 2323 indignationis
462 2247 572 2302 nostrae
593 2243 700 2320 poene,
721 2239 881 2302 statuimus
899 2241 1166 2311 dominamus.»

232 2334 254 2392 Α
272 2338 408 2410 tempore
423 2345 496 2408 ergo
510 2328 541 2388 S.
562 2329 606 2388 Pii
621 2331 657 2404 V,
674 2329 806 2408 Lilurgia
823 2330 959 2390 Romana
971 2339 1119 2411 correcta,
1137 2336 1168 2396 in
1285 2409 1286 2426 ,

188 2427 252 2483 toto
265 2417 448 2491 Occidente,
465 2415 552 2477 salvis
570 2416 714 2478 duntaxat
728 2416 911 2500 quibusdam
925 2420 1167 2500 exceptionibus,
1285 2471 1286 2502 ,

190 2509 363 2591 praescripta
379 2511 441 2578 est,
461 2511 494 2566 ut
513 2504 563 2585 ius
582 2505 754 2587 liturgicum
777 2505 862 2567 Sedis
883 2508 1090 2588 Apostolieaef
1091 2512 1169 2572 uerit
1285 2519 1286 2564 t

189 2599 316 2660 omnino
340 2601 534 2656 reservatum.
564 2593 614 2656 Sic
637 2594 842 2657 communiter
866 2593 998 2676 theologi
1020 2603 1049 2660 et
1073 2615 1167 2662 cano·

190 2689 288 2748 nistae.

229 2773 365 2850 Diximus
381 2770 471 2832 saluis
488 2771 662 2852 quidudum
675 2771 915 2854 exceptionibus.
930 2792 1041 2856 nempe
1057 2779 1089 2838 ΙΙ
1102 2779 1166 2841 Ec-

188 2863 279 2926 clesia
293 2861 524 2937 Mediolanensi,
537 2861 568 2922 in
592 2865 653 2943 qut
666 2861 881 2925 observabatur
903 2862 978 2926 ritus
993 2865 1167 2930 ambrosia-

189 2971 257 3030 nus;
272 2957 306 3014 ΙΙ
321 2949 444 3030 capellis
456 2950 627 3024 Toletanis,
644 2950 676 3012 in
693 2950 804 3030 quibus
825 2952 991 3032 permissus
1012 2959 1077 3016 erat
1091 2957 1166 3018 ritus

188 3039 407 3111 ltlozarahicus3
432 3039 464 3100 3⁰
483 3038 665 3118 quibusdam
681 3038 747 3100 aliis
766 3040 927 3116 Ecclesiis,
950 3041 982 3102 in
1003 3041 1154 3122 quibus
1129 3063 1166 3106 u

188 3132 275 3212 gebat
297 3126 416 3205 liturgia
437 3125 576 3188 ducentis
600 3126 687 3186 annis
706 3128 871 3213 antiquior.
888 3129 938 3191 Sic
960 3131 1060 3192 evenit
1081 3133 1165 3212 qudd

188 3217 403 3320 hodiediversa
417 3212 585 3276 habeantur
598 3213 744 3276 breviaria
756 3216 836 3317 apud
851 3217 979 3280 Ordines
994 3218 1163 3300 religiosos

187 3396 290 3458 datore
300 3389 458 3460 traditum,
471 3349 643 3470 quadirilur
656 3393 832 3453 monasticus
841 3412 1015 3469 communis
1029 3397 1162 3477 aquom

187 3479 343 3548 nonnullis
360 3477 549 3557 discrepant,
565 3485 595 3541 ut
610 3480 659 3542 cui
680 3481 712 3542 in
732 3481 870 3561 plurimis
886 3484 1072 3546 conveniunt
1086 3486 1162 3548 ritus

187 3567 1007 3648 Cistercensium,TrappensiumetCarthusianorum;
1022 3578 1055 3635 2·
1069 3576 1160 3637 Cano
1258 3579 1261 3586 ’

187 3664 248 3726 niel
240 3661 562 3721 ''Praemonstratenses
579 3661 737 3721 servdruut
749 3660 823 3722 ritus
837 3679 979 3723 romanos
999 3662 1141 3744 quales
1116 3683 1158 3726 vx-

188 3751 299 3832 gebant
312 3743 421 3807 saeculo
437 3745 509 3815 llll;
526 3748 558 3806 3⁰
570 3747 633 3810 lere
650 3748 756 3810 similis
776 3756 839 3810 erat
853 3750 927 3811 ritus
941 3751 1157 3816 Dominicano
