2604 4196
435 287 520 334 ursan
542 289 700 338 sscuunus.
998 291 1057 349 495

130 399 197 462 656.
213 428 251 446 -
271 395 293 459 l.
310 395 415 459 Altero
430 398 549 480 triplici
564 402 673 482 moppo
687 415 853 486 coopertum
869 428 881 470 .·
895 426 912 470 a
927 395 1058 491 primor·

95 487 148 550 diis
162 486 236 562 suis,
254 485 391 550 Ecclesia
409 487 555 551 adhibuit
570 490 681 553 altaria
697 493 736 554 ad
753 495 856 560 missos
872 498 1055 565 celebratio·

94 592 171 651 nem3
187 575 354 655 Romaeque
370 577 563 651 servatur,in
578 577 709 642 Basilica
721 581 935 665 Lateranensi,
947 589 1057 654 tabula

98 664 191 743 lignea
201 666 274 744 qua,
286 670 439 746 tanquam
451 663 553 742 altari,
570 685 645 731 usus
659 666 1052 756 fuitPrinocpsApostolor.

122 765 250 842 Dupliois
263 741 458 842 speciei'sunt
472 765 592 837 altaria,
604 768 670 843 fico
684 779 806 843 nempe,
820 776 849 824 et
863 769 990 830 mobilia
999 787 1049 832 seu

88 849 251 929 portatilia:
266 847 323 910 ista
336 847 368 910 in
378 847 507 910 rubricis
519 866 581 908 oroe
592 853 748 923 vocantur,
762 849 812 910 illa
824 859 924 914 autem
938 873 1048 917 nomen

88 938 184 998 oltoro's
203 937 346 999 retinent.
371 937 455 998 Fica
475 955 527 999 seu
549 936 672 998 stabilio
697 937 905 1019 intelliguntur
930 945 1053 1022 quando

89 1027 177 1090 tabula
190 1026 328 1108 superior
342 1025 405 1088 basi
420 1025 614 1088 immobiliter
627 1025 776 1104 adhaeret,
793 1033 823 1088 ct
836 1029 965 1092 totaliter
977 1051 1049 1094 cou-

88 1114 383 1178 demolumentum
397 1115 468 1177 verb
479 1133 532 1177 seu
543 1114 706 1195 portatilia
721 1121 802 1190 suut,
814 1117 937 1196 quando
949 1119 1049 1185 tabula

88 1223 145 1282 quae
157 1210 371 1281 consecratur,
387 1203 449 1266 basi
467 1221 526 1264 non
541 1201 652 1276 haeret,
666 1202 719 1264 sed
733 1205 887 1266 transferri
901 1213 996 1287 potest
1012 1209 1049 1270 ab

88 1309 139 1353 uno
148 1293 230 1354 altari
244 1291 284 1354 ad
298 1292 391 1354 uliud.

132 1389 310 1473 Aliquando
331 1399 436 1452 tamen
463 1397 559 1453 etiam
589 1390 647 1451 ista
671 1390 842 1470 posteriora
858 1392 967 1456 altaria
995 1397 1059 1478 fioo

98 1488 327 1564 nuncupantur,
350 1480 445 1542 modo
467 1496 558 1543 muro
578 1478 716 1542 haercant
730 1487 760 1540 et
778 1479 932 1544 stabiliter
951 1484 984 1546 in
1005 1503 1058 1547 oc·

97 1569 181 1632 clesia
196 1572 261 1633 sint
275 1569 457 1632 constituta.

130 1661 239 1736 Allare,
256 1661 323 1721 sive
336 1658 433 1720 lirum
450 1662 514 1721 sive
530 1659 688 1740 portatile,
703 1661 862 1742 lapideum
877 1662 1055 1729 essedebet.

94 1751 174 1832 juxta
192 1749 353 1812 rubricam
380 1747 474 1810 modo
492 1747 644 1825 relatam;
666 1749 770 1828 lignea
791 1760 894 1812 tamen
911 1752 1058 1830 primitus

97 1839 223 1902 admissa
239 1836 336 1900 fuisse
351 1836 508 1913 videntur,
525 1839 562 1898 ad
580 1838 679 1899 instar
703 1856 817 1902 mensae
832 1841 863 1900 in
888 1857 952 1919 qua
968 1840 1052 1901 insti·

97 1939 190 1992 tutum
207 1928 268 1991 luit
288 1926 468 1990 venerabile
489 1926 694 1990 Eucharistiae
708 1940 965 1991 sacramentum:
988 1948 1057 2011 qum

96 2037 195 2084 mensa
210 2019 244 2080 in
259 2016 459 2079 Lateranensi
477 2017 610 2078 Basilica
636 2016 740 2079 adhuc
760 2017 854 2080 hodie
870 2029 1050 2091 asservatur,

96 2111 168 2172 siout
182 2107 301 2192 paritor
315 2105 423 2166 tabula
435 2125 530 2188 supra
545 2125 642 2187 quam
659 2103 689 2169 S.
708 2109 817 2170 Petrus
832 2108 992 2170 celebrare
1007 2127 1055 2170 so·

96 2199 183 2273 lebat,
198 2205 234 2260 ut
249 2195 345 2259 modo
358 2195 506 2258 diximus.
523 2194 600 2257 Vide
615 2196 808 2258 Breviorium
825 2197 1003 2260 Romanum
1026 2199 1056 2259 iu

97 2289 168 2351 festo
186 2285 397 2350 Dedicatiouis
415 2285 554 2347 Basilicae
575 2283 606 2346 S.
633 2285 762 2348 Joanrris
780 2286 1011 2359 Lateranensis,
1030 2294 1057 2349 et

96 2377 166 2458 quid
187 2377 271 2439 dicat
291 2373 406 2436 Bened.
430 2373 497 2437 XlV
522 2373 704 2436 deecclesia
727 2371 757 2436 S.
780 2373 986 2439 Pudentianoa
1003 2377 1059 2457 (lle

96 2467 202 2550 Sacris.
219 2465 331 2540 Misso,
346 2464 401 2526 lib.
419 2464 443 2538 1,
458 2483 484 2526 c.
509 2483 541 2539 ιι,
558 2475 592 2525 n·
606 2465 650 2544 5).
674 2463 740 2526 lmo
761 2465 926 2542 aliquoties
949 2467 1056 2527 altaria

97 2559 177 2621 luere
189 2573 286 2618 aurea
299 2564 330 2616 ct
340 2562 497 2632 argentea,
507 2560 542 2614 ut
557 2553 664 2613 asserit
678 2551 847 2632 Collot(Tr.
857 2554 905 2614 der
916 2553 968 2617 SS.
981 2554 1058 2634 Mys·

97 2652 174 2724 tores,
189 2664 217 2708 c.
233 2663 298 2718 vm,
312 2661 346 2718 ιι,
362 2651 431 2706 noto
445 2644 487 2722 3⁴)
501 2661 573 2704 cum
589 2639 691 2702 Bened
705 2639 772 2703 XlV
796 2641 850 2722 (ib.
878 2654 912 2702 n⁰
925 2643 968 2723 8).
990 2643 1057 2706 Non

96 2738 223 2802 omnino
243 2739 361 2796 constat
375 2751 391 2794 a
407 2751 470 2814 quo
486 2733 622 2812 primum
641 2739 831 2812 praeceptum
849 2729 941 2792 fuerit
963 2732 1059 2795 altaro

98 2828 205 2890 debere
222 2822 384 2906 lapideum
400 2841 477 2884 csse.
495 2819 646 2884 Nonnulli
664 2819 743 2881 illud
757 2819 920 2882 decretum
943 2819 1056 2885 Silves-

98 2927 140 2982 tro
156 2917 247 2997 Papae
259 2912 451 2976 adscribunt.
470 2908 596 2992 (Boned.
613 2907 692 2982 lllll,
710 2907 786 2970 ibid.
804 2927 840 2969 no
851 2907 894 2984 6).

132 3041 175 3103 lle
188 3038 274 3103 altari
289 3039 333 3103 sic
351 3038 442 3101 babet
460 3035 591 3099 Robrica
614 3033 761 3096 ltissalis:
783 3032 934 3110 «liltore,
950 3033 981 3096 in
1003 3054 1079 3118 quo·

100 3149 114 3184 a
133 3130 185 3194 SS.
197 3131 296 3192 Missae
308 3127 496 3191 Sacrificium
508 3123 725 3187 celebrandum
739 3121 896 3200 estuabat
910 3141 976 3186 esse
991 3125 1065 3206 lapi-

100 3238 114 3273 «
133 3218 223 3282 deum
237 3265 245 3297 ,
260 3216 298 3280 ab
311 3216 462 3299 Episcopo
471 3220 692 3287 consecratum,
708 3211 754 3274 vel
769 3211 874 3273 saltem
889 3229 940 3273 ara
950 3212 1068 3294 lapidoo

101 3326 113 3363 a
132 3308 269 3370 similiter
282 3306 320 3368 ab
335 3305 484 3386 Episcopo
497 3309 671 3364 consecrata
686 3303 716 3361 in
732 3300 905 3374 (reinserta,
922 3321 990 3382 quae
1005 3312 1065 3365 tam

101 3417 114 3452 r
133 3398 233 3479 ampla
248 3398 286 3458 sit
299 3401 334 3459 ut
347 3395 475 3456 hostiam
490 3398 521 3453 et
534 3393 681 3471 maiorem
698 3395 814 3470 partem
833 3389 933 3451 calicis
956 3393 1063 3471 capiat.

101 3507 114 3541 o
133 3487 198 3549 lloc
211 3485 302 3547 altare
316 3483 469 3566 operiatur
483 3479 577 3542 tribus
589 3478 707 3560 mappis
719 3496 773 3540 seu
786 3477 913 3540 tobaleis
933 3479 1064 3559 niundis,

101 3597 114 3631 o
132 3576 171 3638 ab
184 3577 333 3657 Episcopo
347 3572 393 3636 vel
407 3571 445 3658 ab
459 3571 517 3632 alio
533 3569 661 3631 habente
682 3573 857 3648 potestatem
878 3566 1063 3642 benedictis,

101 3687 113 3722 ι
133 3665 286 3746 superiore
297 3664 402 3726 saltem
416 3659 546 3741 oblonga
563 3677 631 3740 quae
646 3655 795 3737 usquead
819 3661 932 3716 terram
953 3657 1064 3737 pertin-

100 3777 113 3810 ι
133 3760 195 3833 gat,
209 3753 326 3818 duabus
340 3752 405 3814 ollis
419 3748 615 3820 brevioribus,
630 3745 675 3806 vel
691 3746 752 3806 una
765 3743 926 3813 duplicata.
943 3758 958 3794 o
