2590 4208
173 212 214 272 88
449 219 603 266 aseneum
623 217 705 266 rents
723 217 870 265 ornemur.

176 338 331 422 quamdin.
347 335 461 416 aliquis
480 329 645 413 religiosus
661 333 844 413 supervivit.
861 367 899 381 -
913 327 1049 394 Tamdiu
1066 339 1154 411 part-

178 441 224 492 rer
238 427 355 490 durant
371 423 470 503 ipsius
485 420 649 504 privilegia
665 439 681 482 a
697 423 808 486 Sancta
823 420 902 484 Sede
919 419 980 500 ipsi
994 435 1156 495 concessa,

178 513 331 597 quamdiu
347 513 414 592 ipse
427 509 506 574 ordo
521 508 672 572 subsistit.
1084 546 1095 556 -ι
1140 543 1145 548 -

219 603 331 666 Statim
347 619 382 662 ac
399 598 557 681 possibilis
571 607 618 660 est
632 596 752 660 reditus
773 597 805 660 in
821 606 1025 672 conventum,
1043 604 1158 662 tenen-

177 701 228 753 tur
250 688 387 767 religiosi
410 687 448 750 ad
478 686 583 768 ipsum
599 684 722 748 reverti.
752 684 801 767 (V.
822 686 974 762 Manuale,
998 685 1038 746 nn
1061 689 1156 751 2568-

178 783 279 854 25773
300 775 625 840 becommunccte...
644 774 906 857 decumbentes,
933 779 973 838 11¹¹
992 774 1063 856 ute,
1082 778 1159 860 ete.)

521 988 736 1056 auritulus
756 989 806 1056 tx.

296 1173 334 1220 DE
355 1172 451 1218 VdelS
480 1169 634 1216 srbdmetts
654 1169 787 1216 onoluutt
808 1169 1039 1244 eetldtosotttttt.

223 1311 311 1374 1030.
335 1311 495 1392 Praecipua
510 1309 699 1387 religionum
715 1307 828 1371 divisio
848 1315 895 1371 est
916 1309 949 1370 in
968 1309 1161 1390 contemple-

181 1403 265 1476 tiens,
282 1401 394 1462 activas
407 1409 437 1462 et
453 1404 574 1460 micros.

224 1487 469 1568 contemplative
506 1486 545 1548 ad
583 1484 885 1566 contemplationem
921 1491 952 1547 et
993 1485 1161 1564 propriam

184 1573 648 1658 membrorumperlectionem
664 1583 738 1636 sunt
753 1574 968 1656 principaliter
992 1572 1149 1640 institutae

186 1665 297 1727 detivoe
312 1664 351 1726 ad
369 1662 588 1726 misericordiae
603 1663 742 1724 actiones
758 1681 831 1743 erga
847 1663 1027 1742 proximum
1044 1665 1161 1740 praeei-

174 1751 246 1834 'pue
269 1763 476 1836 occupantur.
499 1752 608 1815 Micte
622 1759 792 1832 utrumque
807 1751 902 1815 tinem
919 1751 1036 1833 pariter
1051 1750 1161 1816 inten-

183 1845 276 1906 «lunt.

197 1920 1157 2010 .Antequambreviterearumenumerationemexponamus,
1284 2013 1285 2018 ἵ

181 2013 378 2100 explicandae
392 2025 466 2079 sunt
482 2016 629 2098 uuaedam
644 2017 930 2081 denominationes

226 2112 258 2167 l0
279 2105 362 2168 Voce
376 2115 476 2169 escere
492 2105 643 2168 dicuntur
657 2106 792 2185 religiosi
807 2114 965 2186 quatenus
979 2105 1077 2168 variis
1093 2125 1157 2188 per-

184 2193 329 2256 fectionis
343 2195 494 2274 operibus
508 2213 575 2258 sese
589 2202 744 2258 exercent.

225 2283 258 2344 2⁰
279 2282 470 2345 decederem
501 2291 654 2346 vocantur
682 2283 737 2366 qui
766 2281 897 2348 seorsim
923 2280 956 2345 in
986 2283 1159 2348 solitudine

183 2370 350 2433 asceticam
366 2371 487 2434 ducunt
502 2370 611 2435 vitam.

223 2462 256 2520 3⁰
278 2458 434 2522 Coenobr‘te
445 2477 499 2522 seu
515 2459 662 2538 menardi,
679 2458 728 2523 illi
741 2467 815 2524 sunt
830 2459 885 2541 qui
900 2459 996 2523 vitam
1012 2478 1160 2524 commu-

184 2565 256 2610 nem
269 2548 300 2609 in
316 2548 462 2612 coenobio
477 2559 585 2628 agunt.

222 2635 256 2697 b⁰
280 2635 391 2699 Clerici
401 2638 549 2719 repeteres
563 2644 637 2700 sunt
652 2636 698 2699 illi
713 2639 780 2720 qui,
791 2638 949 2721 pertinent
963 2635 1002 2701 ad
1019 2637 1158 2718 Congre-

180 2723 354 2803 gationem,
371 2743 506 2806 quarum
520 2725 662 2788 membra
675 2725 715 2790 ad
723 2726 848 2790 ordines
858 2728 1039 2811 promoveri
1053 2727 1158 2791 solent

181 2819 218 2874 ut
233 2831 322 2876 sacro
338 2814 512 2878 ministerio
526 2815 724 2878 incumbant.
940 2894 942 2902 Α

222 2905 256 2964 5⁰
277 2903 475 2966 Mendirnntcs
490 2913 563 2966 sunt
577 2904 715 2984 religiosi
729 2904 797 2987 qui,
808 2923 846 2968 ex
860 2905 1010 2987 primaria
1025 2905 1156 2970 institu-

181 2989 279 3067 tione,
295 2992 378 3055 bona
390 2993 566 3056 immobilia
577 2993 609 3055 in
625 2994 787 3057 communi
802 2995 962 3077 possidere
977 3003 1154 3078 nequeunt,

182 3077 317 3159 ideoque
331 3081 538 3162 eleemosynis
553 3091 779 3146 sustentantur.

222 3171 310 3230 1010.
334 3170 357 3228 Ι.
374 3167 504 3231 Ordines
519 3171 740 3252 contemplativi
753 3181 780 3234 et
799 3172 936 3236 monaehi
948 3181 1028 3236 sunt.
1046 3176 1080 3236 1ο
1093 3173 1153 3238 lle-

180 3253 256 3334 ligio
267 3253 371 3317 Sancti
387 3256 505 3331 Basilii,
521 3265 676 3325 anno360
689 3260 848 3325 abeodem
865 3261 980 3326 Sancto
995 3261 1153 3342 instituta3

180 3341 213 3402 2⁰
228 3342 347 3422 Religio
361 3345 397 3408 Si
417 3345 585 3428 Benedicti,
599 3368 684 3414 anno
699 3349 821 3414 circiter
832 3355 892 3416 500
907 3355 921 3410 'a
936 3351 967 3416 S.
985 3351 1156 3416 Benedieto

180 3431 310 3494 lundata
326 3452 424 3516 prope
443 3436 627 3514 Subiaoum‚
643 3450 673 3503 et
687 3449 796 3523 postea
811 3439 843 3502 in
859 3443 964 3503 Monte
978 3439 1151 3504 Cassinate.

179 3551 216 3567 —
229 3518 322 3583 linea
336 3525 397 3585 orti
412 3533 497 3601 sunt,
514 3545 597 3590 anno
611 3527 682 3604 913,
698 3528 835 3610 religiosi
850 3529 1094 3608 Cluniaeenses3
1109 3537 1151 3604 et,

179 3625 262 3672 anno
284 3609 374 3689 1098,
400 3613 638 3693 cistercienses,
659 3619 808 3700 deinceps
826 3618 964 3680 multum
994 3637 1011 3681 u
1036 3617 1151 3684 Sancto

179 3695 335 3764 Bernardo
351 3701 445 3765 aucti.
472 3702 518 3768 Ex
543 3705 582 3768 iis
606 3715 712 3770 ortum
736 3707 855 3771 babent
884 3707 1081 3791 Trappeuses
1109 3707 1150 3771 ab
