2604 4196
218 233 278 292 520
487 239 639 284 ausurum
660 237 742 282 roais
763 235 910 280 canoarcr.

130 353 133 364 '
224 365 239 400 «
259 339 422 413 sessionis,
447 338 491 399 vel
515 337 607 397 etiam
630 344 712 396 extra
730 331 922 394 occasionem
939 328 1140 392 confessionis
1165 331 1201 392 in

225 452 239 487 «
260 426 484 500 confessionali,
502 425 563 486 sive
578 425 609 485 in
620 423 678 484 alio
694 423 758 483 loco
766 420 802 482 ad
811 418 1014 482 consessiones
1028 417 1204 482 audiendas

225 539 240 576 «
260 517 410 577 destinato
425 522 476 576 aut
490 513 601 588 electo,
618 510 809 573 simulatione
832 507 974 570 audiendi
994 505 1106 568 ibidem
1120 527 1201 570 con-

226 627 240 662 «
261 605 448 678 sessionem,
464 602 502 664 ad
513 601 670 663 inhonesta
684 605 713 659 et
722 598 820 679 turpia
833 596 990 658 sollicitare
1006 643 1014 669 ,
1029 595 1075 656 vel
1091 615 1202 678 provo
1269 597 1270 672 J

227 717 241 751 «
261 711 346 770 care,
364 692 425 753 sive
444 691 556 767 verbis,
573 690 634 750 sive
647 687 760 767 signis,
783 685 843 748 sive
857 685 1000 759 nutibus,
1017 683 1077 746 sive
1092 692 1199 767 tactu,
1269 687 1270 690 ’

226 805 241 838 «
262 782 322 842 siva
337 799 391 862 per
404 781 582 860 scripturam
597 784 647 839 aut
661 783 734 838 tuno
748 782 799 836 aut
813 780 880 855 post
894 772 1053 855 legendam
1072 820 1080 849 ‚
1102 779 1202 838 tenta·

228 893 242 928 «
262 871 368 946 verint,
383 875 435 931 aut
449 887 518 930 cum
532 867 575 928 eis
587 866 705 926 illicitos
719 871 748 926 et
761 863 935 924 inhonestos
950 879 1105 924 sermones
1123 911 1131 939 ,
1152 865 1200 926 vel

227 982 241 1016 «
261 965 403 1020 tractatus
417 955 576 1018 temerario
588 973 668 1016 ausu.
676 953 836 1015 habuerint
847 955 855 987 ¹
868 971 877 1029 ;
889 957 919 1012 et
931 969 1046 1032 quos...
1062 951 1200 1032 culpabi-

227 1070 241 1103 «
262 1047 305 1107 les
318 1046 504 1125 repererint,
521 1044 552 1105 in
567 1063 618 1105 eos
633 1061 687 1124 pro
698 1041 857 1103 criminum
873 1039 1052 1122 qualitate...
1070 1044 1199 1116 ,severe

148 1201 153 1218 .
224 1147 237 1174 t
263 1134 501 1195 animadvertant
515 1152 569 1213 per
582 1131 748 1212 condignas
764 1148 886 1210 poenas,
900 1131 985 1208 Juxta
996 1135 1199 1193 memoratam

225 1233 238 1262 «
264 1222 437 1302 Gregorii...
460 1220 761 1295 Constitutioncm...,
785 1218 891 1279 dantes
917 1218 1044 1280 etiam...
1070 1217 1198 1282 faculta-

227 1325 239 1355 «
264 1317 335 1386 tem,
356 1328 395 1371 ne
409 1309 555 1370 delictum·
565 1310 627 1370 tam
641 1326 804 1370 enorme...
817 1310 982 1381 remaneat,
994 1306 1033 1366 ob
1047 1306 1199 1386 probatio·

222 1416 236 1444 <‹
264 1416 338 1458 num
349 1397 499 1459 delectum
512 1444 520 1473 ,
532 1397 769 1477 impunitum...
787 1393 969 1476 procedendi
984 1413 1053 1456 oum
1070 1396 1197 1459 testibus

225 1509 237 1539 «
263 1485 352 1547 etiarn
364 1485 577 1566 singularibus,
589 1485 755 1547 dummodo
766 1483 1027 1564 praesumptiones,
1043 1483 1155 1546 iudicia
1167 1494 1197 1548 et

189 1621 192 1638 .
224 1597 238 1629 «
263 1573 715 1636 aliaadminiculaconcurrant.

266 1662 493 1724 «Meminerint
506 1669 650 1743 praeterea
666 1667 814 1723 omneset
835 1660 945 1741 singuli
968 1660 1138 1724 sacerdotes
1158 1663 1194 1726 ad

227 1775 241 1806 «
262 1751 468 1813 confessiones
480 1751 644 1812 audiendas
654 1743 806 1812 constituti
819 1797 827 1824 ,
840 1750 935 1810 teneri
952 1768 983 1810 se
998 1768 1032 1810 ao
1054 1750 1192 1830 obligari,

227 1863 240 1894 «
262 1857 332 1900 suos
347 1840 544 1920 poenitentcS,
560 1857 636 1920 quos
651 1840 787 1900 noverint
801 1838 839 1900 ab
850 1839 916 1898 aliis
929 1837 1031 1912 luisse,
1046 1844 1193 1922 utsupra,

227 1949 241 1983 «
262 1927 446 2002 sollicitatos,
463 1927 567 1988 seduld
582 1945 718 2000 monere,
732 1929 815 2004 Juxta
829 1927 1054 1988 occurrentium
1068 1947 1192 1990 casuum

227 2037 241 2070 «
261 2015 521 2090 circumstantias,
541 2015 579 2076 de
600 2015 782 2093 obligatione
805 2015 1042 2077 denuntiandi...
1058 2015 1192 2080 locorum

227 2126 240 2160 «
261 2104 426 2164 ordinariis
439 2103 600 2184 praedictis,
610 2121 769 2183 personam
785 2123 853 2184 quae
863 2103 1100 2165 sollicitationem
1113 2124 1192 2168 com-

227 2215 241 2247 «
262 2192 385 2270 miserit,
402 2193 517 2252 etiamsi
533 2192 672 2253 sacerdos
687 2193 723 2252 sit
738 2193 787 2272 qui
801 2191 1007 2270 jurisdictione
1021 2193 1058 2254 ad
1073 2193 1191 2258 ahsolu-

226 2303 240 2336 «
260 2281 374 2341 tionem
391 2280 486 2341 valide
507 2279 737 2361 impertiendam
752 2287 861 2358 careat,
877 2288 928 2341 aut
942 2280 1191 2345 sollicitatiointer

227 2390 240 2425 «
261 2366 478 2430 confessarium
492 2375 522 2430 et
534 2369 732 2449 poenitentem
749 2378 852 2430 mutua
867 2368 977 2445 luerit,
998 2370 1059 2432 sive
1079 2371 1190 2434 sollici-

226 2479 240 2514 «
261 2457 364 2518 talioni
384 2457 536 2538 poenitens
550 2458 755 2534 consenserit,
779 2459 839 2518 sive
862 2476 1044 2519 consensum
1065 2460 1190 2523 minime

226 2569 240 2604 «
260 2546 448 2626 praestiterit,
464 2545 509 2606 vel
530 2545 655 2625 longum
669 2553 789 2626 tempus
805 2553 873 2626 post
891 2545 988 2627 ipsam
1006 2548 1188 2612 sollicitatio

225 2655 240 2692 «
260 2651 330 2694 nem
341 2636 403 2712 jam
415 2634 581 2708 effluxerit,
601 2641 651 2694 aut
674 2633 844 2695 sollicitatio
866 2636 883 2695 a
906 2635 1103 2714 confessario,
1128 2657 1188 2700 non

174 2743 181 2750 ·
226 2745 240 2780 «
261 2741 315 2804 pro
326 2723 443 2804 seipso,
460 2721 513 2783 sed
530 2740 586 2804 pro
601 2722 655 2782 alita
671 2724 801 2802 persona
813 2731 932 2803 peracta
948 2723 1046 2786 fuerit.
1062 2727 1188 2789 Caveant

225 2835 239 2872 a
260 2811 384 2892 insuper
395 2811 554 2892 diligenter
566 2810 738 2872 confessarii
754 2829 791 2872 ne
806 2813 1037 2892 poenitentibus,
1050 2834 1125 2894 quos
1139 2835 1188 2879 no·

225 2924 240 2960 «
260 2901 360 2962 verint·
368 2901 431 2980 jam
446 2900 483 2961 ab
495 2901 553 2961 alio
563 2899 748 2976 sollicitatos,
764 2902 1010 2963 sacramentalem
1025 2903 1186 2969 absolutio·

224 3011 238 3046 «
260 3008 330 3049 nem
345 2989 532 3069 impertiant,
554 2987 608 3048 nisi
630 2988 713 3067 pribs
733 2987 993 3050 denuntiationem
1015 2994 1186 3073 praedictam

224 3098 239 3134 «
259 3077 296 3137 ad
306 3077 445 3138 ellectum
457 3077 663 3156 perducentes,
671 3075 1098 3156 delinquentemiudicaverint
1108 3102 1185 3146 corn-

224 3185 238 3222 «
258 3165 371 3244 petenti
380 3164 485 3242 judici,
494 3165 538 3225 rel
552 3166 656 3224 saltem
668 3181 710 3237 se,
723 3166 794 3225 cbm
807 3165 938 3244 primlnn
949 3177 1100 3249 poterunt,
1111 3170 1184 3235 dela-

224 3271 238 3310 «
258 3261 343 3313 turos
357 3255 539 3334 spondeant,
554 3271 589 3314 ao
602 3253 787 3334 promittant.
803 3276 818 3312 n

258 3341 351 3402 Pauld
364 3347 432 3422 post
445 3341 583 3420 adjicitur
596 3349 763 3402 contraeas
777 3344 828 3422 qui
845 3344 1021 3407 innocentes
1045 3349 1178 3412 sacerdo·

220 3435 263 3490 tes
281 3429 519 3490 calumniareut:
539 3451 554 3487 α
619 3433 824 3510 Quaecumque
839 3451 965 3512 persona
980 3455 1049 3515 quae
1062 3456 1181 3500 execra-

254 3659 261 3684 ¹
273 3652 402 3713 Quomodo
415 3651 464 3702 sint
476 3651 642 3716 intelligenda
654 3653 702 3701 illa
714 3654 786 3702 variae
798 3654 919 3717 torinna«,
931 3657 988 3708 vide
1000 3673 1134 3722 expensum
1143 3674 1173 3723 ap

220 3723 246 3775 S.
257 3724 368 3788 luguen,
380 3721 423 3772 lib.
438 3723 461 3782 6,
475 3723 510 3770 ni·
522 3722 637 3774 oro-oto
