2618 4212
497 230 581 273 truta
604 231 740 278 rennos.

507 424 688 488 subnuba

143 589 191 655 En
206 588 370 670 Enoyclica
387 585 506 664 Quanto
518 603 590 646 cura
602 583 646 644 Pii
662 582 713 657 IX,
729 587 748 646 8
763 581 938 647 decembris
952 591 1038 652 tuot.

143 682 260 741 Praeter
275 676 419 759 prelatas
438 672 671 755 propositiones
689 670 758 732 alie
775 674 987 738 memorandae
1006 686 1080 742 sunt

101 771 228 852 quasin
242 766 409 850 Encyclica
421 763 535 839 Quanta
549 781 619 824 cura
634 761 791 823 recensuit
804 761 876 824 Pius
892 763 952 826 lX:
968 783 1079 830 eorum

103 878 218 941 nempe
235 855 400 921 hominum
411 852 469 935 qui
481 850 618 914 docent:

144 955 178 1012 l⁶
192 947 351 1028 Optimam
373 940 536 1006 Societatis
560 939 695 1020 publicae
712 939 867 1002 rationem
889 940 1079 1024 civilemque

103 1052 305 1122 progressum
324 1031 454 1096 omnino
468 1031 628 1110 requirere
644 1035 679 1088 ut
693 1027 834 1089 humana
849 1029 985 1092 Societas
1002 1039 1103 1094 con-‘

103 1129 254 1190 stituatur
268 1134 298 1186 et
311 1121 514 1204 gubernetur,
527 1115 618 1178 nullo
633 1114 744 1177 habito
759 1114 799 1177 ad
811 1117 996 1197 religionem
1012 1138 1078 1184 res.
1146 1186 1148 1194 Ι

105 1227 199 1300 pectu
221 1213 302 1277 acsi
331 1229 368 1274 ea
393 1207 639 1279 nonensem,
664 1205 712 1266 vel
742 1205 851 1268 saltem
878 1206 968 1270 nullo
997 1207 1079 1272 iacto

104 1324 211 1368 aeram
225 1304 307 1366 inter
322 1299 480 1379 falsasque
495 1295 662 1375 religiones
677 1291 869 1359 discrimine.

144 1401 179 1458 2⁰
200 1392 359 1476 Optimam
381 1405 447 1450 esse
469 1384 682 1448 conditionem
696 1381 875 1462 Societatis,
891 1383 924 1447 in
940 1404 1004 1468 qua
1019 1386 1076 1448 lm.

101 1485 195 1569 perio
212 1500 275 1544 non
293 1477 474 1558 agnoscitur
492 1473 631 1538 officium
649 1471 814 1534 coercendi
827 1474 955 1536 sancitis
977 1476 1079 1552 poenis

102 1573 275 1637 violatores
295 1565 459 1631 catholicae
478 1561 658 1639 Religionis,
685 1559 746 1620 nisi
762 1571 920 1640 quatenus
938 1580 1001 1643 pax
1023 1583 1078 1644 pu-

102 1663 189 1724 blica
204 1656 351 1741 postulet.

144 1754 178 1816 3⁰
194 1750 383 1814 Libertatem
404 1737 602 1828 conscientie
619 1743 650 1798 et
668 1734 814 1798 cultuum
832 1755 897 1799 esse
912 1740 1079 1819 proprium

101 1844 333 1927 cujuscumque
355 1828 495 1895 hominis
518 1827 594 1909 jus,
622 1825 708 1907 quod
737 1825 804 1906 lege
832 1825 1020 1906 proclamari
1048 1838 1079 1891 et

105 1932 202 1997 asseri
211 1929 303 1992 debet
319 1927 350 1988 in
365 1918 451 1986 omni
465 1928 546 1980 recte
560 1914 730 1977 constituta
741 1911 909 1988 societate,
926 1922 957 1978 et
967 1916 1019 1997 jus
1035 1917 1076 1979 ci·

106 2022 198 2085 vibus
211 2021 312 2082 inesse
326 2013 365 2077 ad
375 2003 593 2074 omnimodam
603 2003 792 2079 libertatem,
810 2004 898 2066 nulla
913 2005 961 2067 val
975 2007 1077 2070 eccle-

104 2111 227 2176 siastica
252 2107 301 2171 vel
329 2100 415 2166 civili
443 2095 627 2160 auctoritate
655 2093 890 2169 coarctandam,
915 2114 980 2176 quo
1006 2115 1079 2160 snos

103 2205 276 2281 conceptus
290 2203 530 2276 quoscumque,
547 2183 612 2244 sive
630 2200 723 2255 voce,
739 2182 803 2244 sive
818 2185 919 2265 typis,
936 2186 999 2248 sive
1016 2187 1076 2250 alia

102 2290 236 2361 ratione,
266 2285 373 2366 palam
397 2274 589 2361 publiceque
616 2269 815 2334 manifestare
844 2290 880 2334 ac
915 2273 1074 2338 declarare

103 2380 239 2444 valeant.

141 2475 178 2531 4⁰
190 2465 394 2530 Voluntatem
402 2452 523 2538 populi,
533 2449 673 2530 publiea,
684 2468 781 2528 quam
796 2448 1077 2533 dieunt,opinione

102 2566 152 2628 rel
180 2559 242 2624 alia
267 2549 386 2616 ratione
413 2538 657 2612 manifestatam,
683 2538 872 2599 constituere
896 2558 1077 2622 supremam

102 2659 205 2735 legem
226 2646 265 2709 ab
281 2636 370 2705 omni
390 2631 499 2696 divino
521 2629 728 2706 humanoque
744 2624 813 2707 jure
828 2625 965 2690 solutam
971 2650 981 2704 ;
1001 2638 1032 2692 et
1047 2630 1078 2692 in

101 2730 350 2819 ordinepolitico
365 2723 445 2785 lacta
459 2725 689 2790 consummata,
703 2716 813 2795 eoipso
827 2717 912 2797 quod
927 2736 1077 2782 consum-

102 2840 192 2899 mata
205 2831 289 2897 sunt,
302 2818 366 2882 vim
379 2810 459 2896 juris
473 2805 600 2898 habere.

144 2927 179 2985 5⁰
195 2904 407 2980 auferendam
432 2916 498 2961 esse
525 2894 648 2958 civibus
673 2901 703 2956 et
730 2893 876 2958 Ecclesia
899 2894 1080 2961 facultatem

103 3031 165 3098 qua
179 3008 375 3080 eleemosynas
386 2987 557 3053 ctrtstiooe
570 2983 728 3046 charitatis
744 2984 945 3064 consopitam
959 3004 1081 3069 cropore

104 3101 239 3172 valeant,
255 3109 292 3154 ae
305 3087 344 3150 de
358 3079 463 3144 medio
480 3074 653 3138 tollendam
675 3071 849 3155 legemque
866 3076 954 3137 certis
968 3076 1080 3158 aliqui-

105 3193 158 3253 bus
170 3183 270 3250 diebus
282 3193 370 3258 opero
381 3167 505 3232 servitia
517 3173 640 3247 propter
649 3161 699 3226 bet
714 3162 823 3224 cultum
835 3163 1037 3244 probibentur.

146 3283 178 3340 6·
200 3271 384 3337 Societatem
407 3255 613 3320 domesticam
641 3270 697 3314 sou
715 3249 868 3313 familiam
891 3260 989 3316 totam
1018 3274 1081 3320 suae

104 3361 280 3434 existentia
307 3353 463 3417 rationem
492 3362 510 3406 a
535 3342 606 3425 jure
634 3339 789 3403 duntaxat
816 3341 900 3404 civili
924 3347 1079 3425 mutuari3

106 3451 303 3542 proindeque
322 3440 443 3518 exlege
460 3441 584 3496 tantum
603 3429 689 3493 civili
711 3428 874 3494 dimanare
889 3448 926 3493 ac
944 3433 1083 3514 pendero

103 3550 178 3634 jura
191 3537 300 3606 omnia
315 3534 483 3616 parentum
497 3523 528 3584 in
539 3519 632 3596 lilios,
648 3536 723 3581 cum
738 3518 849 3600 primis
861 3537 936 3586 vero
948 3542 1001 3605 Jus
1015 3524 1082 3588 ins·

107 3629 265 3702 titutionis
278 3615 537 3696 educationisque
551 3606 710 3674 curandae.

147 3727 182 3787 'lt
197 3719 323 3783 Clarum
346 3712 455 3790 utpote
469 3718 544 3766 vero
572 3698 705 3782 utilique
724 3697 859 3764 seientia
873 3709 903 3765 et
918 3703 1077 3770 civilitatis

965 3814 1022 3862 12**
