2552 4204
175 247 236 314 ‚75ss
449 261 598 308 scaurum
617 252 868 310 rums'cartontar.

178 365 329 429 tribuendi
344 371 415 428 sunt
430 382 491 426 non
507 365 580 437 Deo,
598 381 655 425 nec
667 362 755 426 bonis
769 365 901 446 angelis,
918 383 976 428 nec
989 365 1147 429 defuneto

179 473 245 518 rum
261 453 431 518 animabus.
1141 485 1145 495 ·

178 563 182 596 ῑ
217 547 250 606 10
270 541 339 605 Non
354 541 432 604 Deo.
427 541 521 623 ·quia
535 539 697 604 ridiculum
707 547 786 605 esset
801 545 900 606 Deum
915 542 1068 604 mirabilia
1080 560 1151 647 ope·

172 633 236 695 rari
260 648 326 694 sese
352 629 558 694 submittendo
581 631 666 692 vanis
691 638 721 692 ot
749 629 962 712 superstitiosis
987 631 1128 694 mediis
1121 652 1150 695 rn

179 721 277 802 magia
288 719 466 782 adhibitis*
436 737 589 800 ,insuper
598 719 702 800 inique
717 721 847 783 vetaret
840 739 871 782 m
882 718 1059 801 Scripturis,
1072 721 1151 804 quod

180 811 221 871 uti
237 811 362 890 gratiam
378 808 554 871 hominibus
567 807 739 888 largiretur.

217 904 249 961 10
271 899 339 960 Non
353 897 435 960 ionis
448 897 576 980 anystis,
592 903 715 978 propter
730 895 851 960 easdem
867 897 1015 975 rationes,
1031 906 1063 962 et
1078 919 1152 982 prae·

181 997 259 1050 terea
279 989 309 1050 id
328 993 445 1050 constat
464 1005 501 1050 ax
527 985 617 1050 uariis
637 986 806 1049 canonibus
829 987 847 1048 1
870 986 1012 1050 Gratiano
1035 990 1151 1066 relatis,
1252 989 1253 1032 l

178 1097 268 1140 causa
282 1082 332 1140 16

219 1171 253 1229 3⁰
273 1167 341 1228 Nan
361 1166 568 1248 defunctorum
585 1133 766 1226 animabus:
784 1182 855 1226 nam
869 1165 980 1228 animae
993 1165 1153 1230 defuncto·

181 1268 247 1318 rum
263 1256 328 1317 sinte
343 1255 396 1318 Dei
412 1254 560 1336 permissu
576 1272 633 1316 nec
648 1253 665 1314 e
680 1253 864 1334 purgatorio,
882 1271 939 1316 nec
952 1273 969 1316 a
986 1253 1115 1318 fortiori
1119 1274 1153 1318 ex

180 1344 298 1409 inferna
310 1344 391 1407 exire
406 1349 547 1425 possunt3
562 1343 653 1424 porro
670 1350 704 1404 ut
717 1344 761 1404 sic
776 1348 882 1404 exeant
892 1361 929 1404 ex
945 1343 1000 1406 Dei
1015 1343 1152 1419 licentia,

182 1433 262 1495 nulla
281 1433 384 1497 subest
407 1450 498 1495 causa
521 1450 589 1511 quaa
613 1431 747 1512 legitima
773 1431 919 1494 videatur.
945 1433 986 1495 Ut
1007 1432 1094 1494 enim
1117 1433 1153 1495 ad

181 1540 339 1624 magorum
361 1539 466 1604 preces
488 1527 517 1584 at
540 1519 760 1583 incantationes
782 1519 812 1582 id
824 1519 947 1602 jubeat,
963 1516 1154 1602 impium'est

179 1611 308 1712 opinari.
328 1610 484 1693 Praecipua
500 1628 573 1691 ergo
587 1609 721 1672 efficiens
733 1627 825 1672 causa
840 1607 966 1671 istarum
979 1610 1094 1672 artium
1111 1617 1153 1673 est

183 1701 405 1781 ipsedlabolus
1253 1753 1254 1774 ,

220 1793 408 1854 anta-11.
432 1789 501 1852 Dan
516 1807 669 1872 magram
662 1788 843 1851 diabolicam
858 1787 973 1868 absque
987 1791 1152 1852 temeritate

184 1900 244 1943 non
259 1889 441 1961 negaretur
459 1881 600 1942 Constat:
618 1884 649 1942 10
658 1897 726 1959 cap.
742 1884 773 1954 ’1,
789 1897 817 1940 v.
835 1881 873 1940 l0
889 1876 997 1954 Exodi,
1013 1878 1067 1940 ubr
1080 1878 1151 1942 drcr

184 1980 251 2052 tur
245 2015 251 2028 .
273 1969 382 2032 «Tulit
395 1973 496 2031 Aaron
508 1969 623 2048 virgam
637 1987 740 2032 aoram
755 1967 909 2030 Pharaone
923 1974 954 2029 et
967 1969 1063 2030 servis
1077 1970 1150 2046 ejus.

187 2053 201 2117 'a
223 2077 290 2140 quae
301 2077 388 2121 versa
400 2059 663 2134 estincolubrum3
674 2057 791 2120 vocavit
800 2063 900 2118 autem
909 2055 1024 2119 Pharao
1035 2061 1152 2140 sapien·

86 2154 87 2157 ’
187 2171 201 2205 a
222 2152 267 2209 tes
283 2154 313 2209 et
325 2146 478 2210 maleficos
490 2192 500 2224 ,
512 2154 540 2209 et
552 2146 789 2210 feceruntetiam
804 2145 861 2226 ipsi
875 2163 928 2225 per
940 2145 1152 2209 incantationes

185 2259 200 2294 a
221 2237 400 2318 aegyptiacas
413 2243 444 2298 et
462 2255 572 2298 arcana
592 2237 733 2317 quaedam
747 2235 894 2297 similiter.
911 2234 1015 2297 »Vide
1031 2237 1152 2320 insuper

181 2326 339 2401 (levitic,
354 2344 382 2387 c.
405 2328 459 2398 16,
478 2344 505 2386 v.
529 2329 585 2398 11·
602 2325 633 2386 S
651 2324 771 2403 naith„
796 2327 899 2399 111,
924 2342 954 2386 v.
972 2327 1032 2404 11,
1051 2333 1148 2390 etact.

183 2414 434 2516 Apostolorumc.
452 2417 506 2490 16,
523 2433 549 2475 v.
567 2416 626 2491 llil.
1254 2457 1255 2488 r

221 2504 310 2566 Citari
333 2503 423 2565 ctiam
444 2509 544 2585 posset
567 2521 634 2584 cap
650 2504 751 2565 unct.
769 2505 874 2583 Apost.
895 2501 947 2564 ubi
961 2510 1103 2568 narratur
1116 2461 1152 2567 tle
1254 2531 1255 2534 ¹

181 2595 305 2660 Simone
326 2595 436 2674 Mago,
452 2593 533 2673 quod
551 2593 646 2654 multo
669 2599 799 2674 tempore
818 2589 1025 2656 Samaritanae
1046 2595 1152 2677 maniis

181 2703 241 2745 sats
254 2681 451 2746 decantasset.

221 2771 397 2834 omittimus
410 2773 588 2834 innumeros
598 2772 672 2834 alios
682 2777 781 2835 textus
795 2772 856 2835 sive
865 2775 897 2836 S.
915 2773 1081 2854 Scripturae
1094 2775 1152 2839 sira

182 2861 367 2937 traditionis;
390 2861 516 2924 sufficiat
535 2861 646 2924 relerra
664 2861 754 2923 verba
769 2862 894 2924 Ritualis
910 2863 1053 2941 Romani,
1066 2865 1152 2929 titralo

183 2951 225 3014 De
242 2951 445 3012 exorcizandis
465 2951 581 3012 obsessis
595 2952 612 3013 ἀ
627 2948 769 3028 damone,
784 2950 835 3013 ubi
848 2957 991 3014 mouetur
1004 2955 1154 3017 exorcista

183 3047 214 3103 ut
240 3063 255 3100 a
275 3040 379 3118 iubeat
395 3039 567 3101 daemonem
591 3039 691 3102 dicere
713 3058 752 3101 an
781 3040 980 3104 detineatur
972 3060 1004 3102 m
1026 3061 1152 3125 corpora

187 3129 356 3206 robsessi,
389 3125 423 3188 ob
454 3127 588 3208 aliquam
616 3148 733 3210 apuam
768 3130 913 3211 maqicam
942 3139 995 3192 arat
1019 3132 1150 3216 malefica

187 3237 304 3298 asiana
332 3215 378 3278 vel
399 3216 631 3279 instrumenta:
657 3237 727 3299 quae
750 3219 774 3280 si
787 3219 940 3282 obsessus
962 3238 1015 3282 ore
1044 3239 1150 3304 sump-

186 3305 303 3379 aserit,
320 3306 1149 3388 evomat;velsralrb1exracorpusluermtcombu-
1184 3369 1188 3376 .

183 3415 198 3454 a
220 3400 359 3460 rantur.a
378 3395 450 3458 Haea
462 3396 551 3458 verba
564 3394 720 3458 manifeste
731 3405 909 3479 supponunt
923 3397 1032 3479 magiae
1048 3399 1149 3464 diaba-

181 3483 245 3546 licae
260 3483 435 3547 realitatem.
450 3483 543 3547 Caute
557 3503 629 3566 ergo
644 3493 714 3548 sunt
729 3485 846 3566 legendi
863 3486 986 3567 quidam
1001 3498 1147 3564 auctores,

180 3578 214 3635 ut
229 3573 325 3634 Feller
345 3580 375 3635 et
394 3573 535 3653 Bergion,
556 3573 607 3654 qui
626 3573 656 3635 in
678 3575 722 3636 eis
741 3576 871 3637 nimium
892 3575 1032 3640 videntur
1046 3576 1147 3640 favisse

181 3659 344 3742 impiorum
363 3662 562 3725 incredulitati
588 3682 596 3724 ε
626 3665 726 3726 alloc
753 3669 818 3743 ast,
839 3663 937 3746 inquit
963 3666 995 3728 S.
1019 3665 1146 3728 Thomas

185 3770 201 3810 a
222 3750 400 3832 (Sarapion,
416 3771 446 3833 q.
463 3755 517 3824 58,
533 3761 588 3815 art.
604 3753 677 3833 10),
692 3760 796 3815 contra
811 3753 1001 3818 auctoritates
1020 3757 1144 3820 Sancto·
