<?xml version="1.0" encoding="UTF-8"?>
<!DOCTYPE html PUBLIC "-//W3C//DTD XHTML 1.0 Transitional//EN"
    "http://www.w3.org/TR/xhtml1/DTD/xhtml1-transitional.dtd">
<html xmlns="http://www.w3.org/1999/xhtml" xml:lang="en" lang="en">
 <head>
  <title>
</title>
<meta http-equiv="Content-Type" content="text/html;charset=utf-8" />
  <meta name='ocr-system' content='tesseract 3.04.00' />
  <meta name='ocr-capabilities' content='ocr_page ocr_carea ocr_par ocr_line ocrx_word'/>
</head>
<body>
  <div class='ocr_page' id='page_1' title='image "./elementajurisca00craigoog_0254.png"; bbox 0 0 2552 4204; ppageno 0'>
   <div class='ocr_carea' id='block_1_1' title="bbox 368 277 1081 348">
    <p class='ocr_par' dir='ltr' id='par_1_1' title="bbox 368 277 1081 348">
     <span class='ocr_line' id='line_1_1' title="bbox 368 277 1081 348; baseline -0.007 0"><span class='ocrx_word' id='word_1_1' title='bbox 368 331 371 340; x_wconf 80' lang='lat'><strong>.</strong></span> <span class='ocrx_word' id='word_1_2' title='bbox 477 301 564 347; x_wconf 80' lang='lat' dir='ltr'><strong>crosa</strong></span> <span class='ocrx_word' id='word_1_3' title='bbox 584 300 716 348; x_wconf 83' lang='lat' dir='ltr'><strong>marrus.</strong></span> <span class='ocrx_word' id='word_1_4' title='bbox 774 327 786 338; x_wconf 50' lang='lat'><strong>..</strong></span> <span class='ocrx_word' id='word_1_5' title='bbox 1024 277 1081 344; x_wconf 77' lang='lat'><strong>¹139</strong></span> 
     </span>
    </p>
   </div>
   <div class='ocr_carea' id='block_1_2' title="bbox 102 395 1089 2254">
    <p class='ocr_par' dir='ltr' id='par_1_2' title="bbox 104 395 1086 553">
     <span class='ocr_line' id='line_1_2' title="bbox 144 395 1086 477; baseline -0.005 -13"><span class='ocrx_word' id='word_1_6' title='bbox 144 403 216 464; x_wconf 78' lang='lat'><strong>870.</strong></span> <span class='ocrx_word' id='word_1_7' title='bbox 241 399 365 470; x_wconf 82' lang='lat' dir='ltr'><strong>Quaerit.</strong></span> <span class='ocrx_word' id='word_1_8' title='bbox 380 404 413 460; x_wconf 78' lang='lat'><strong>2·</strong></span> <span class='ocrx_word' id='word_1_9' title='bbox 427 401 537 463; x_wconf 90' lang='lat' dir='ltr'><strong>Utrum</strong></span> <span class='ocrx_word' id='word_1_10' title='bbox 552 399 588 460; x_wconf 90' lang='lat' dir='ltr'><strong>sit</strong></span> <span class='ocrx_word' id='word_1_11' title='bbox 603 398 719 460; x_wconf 89' lang='lat' dir='ltr'><strong>licitum</strong></span> <span class='ocrx_word' id='word_1_12' title='bbox 734 396 772 461; x_wconf 91' lang='lat' dir='ltr'><strong>de</strong></span> <span class='ocrx_word' id='word_1_13' title='bbox 787 398 878 462; x_wconf 88' lang='lat' dir='ltr'><strong>rebus</strong></span> <span class='ocrx_word' id='word_1_14' title='bbox 892 395 963 459; x_wconf 86' lang='lat' dir='ltr'><strong>iidei</strong></span> <span class='ocrx_word' id='word_1_15' title='bbox 978 395 1086 477; x_wconf 86' lang='lat' dir='ltr'><strong>dispu-</strong></span> 
     </span>
     <span class='ocr_line' id='line_1_3' title="bbox 104 485 674 553; baseline -0.009 0"><span class='ocrx_word' id='word_1_16' title='bbox 104 497 171 553; x_wconf 86' lang='lat' dir='ltr'><strong>tare</strong></span> <span class='ocrx_word' id='word_1_17' title='bbox 184 506 258 552; x_wconf 90' lang='lat' dir='ltr'><strong>cum</strong></span> <span class='ocrx_word' id='word_1_18' title='bbox 273 485 447 548; x_wconf 87' lang='lat' dir='ltr'><strong>infidelibus</strong></span> <span class='ocrx_word' id='word_1_19' title='bbox 461 494 490 548; x_wconf 91' lang='lat' dir='ltr'><strong>et</strong></span> <span class='ocrx_word' id='word_1_20' title='bbox 503 486 674 549; x_wconf 70' lang='lat' dir='ltr'><strong>haereticis?</strong></span> 
     </span>
    </p>

    <p class='ocr_par' dir='ltr' id='par_1_3' title="bbox 102 573 1089 1985">
     <span class='ocr_line' id='line_1_4' title="bbox 144 573 1088 658; baseline -0.006 -18"><span class='ocrx_word' id='word_1_21' title='bbox 144 581 240 658; x_wconf 90' lang='lat' dir='ltr'><strong>Resp.</strong></span> <span class='ocrx_word' id='word_1_22' title='bbox 264 577 338 639; x_wconf 79' lang='lat' dir='ltr'><strong>iure</strong></span> <span class='ocrx_word' id='word_1_23' title='bbox 361 573 500 638; x_wconf 64' lang='lat' dir='ltr'><strong>odorati</strong></span> <span class='ocrx_word' id='word_1_24' title='bbox 523 573 647 638; x_wconf 83' lang='lat' dir='ltr'>cuilibet</span> <span class='ocrx_word' id='word_1_25' title='bbox 672 573 796 639; x_wconf 86' lang='lat' dir='ltr'><strong>indocto</strong></span> <span class='ocrx_word' id='word_1_26' title='bbox 816 574 1000 656; x_wconf 70' lang='lat' dir='ltr'><strong>prohibitam</strong></span> <span class='ocrx_word' id='word_1_27' title='bbox 1021 589 1088 636; x_wconf 82' lang='lat' dir='ltr'><strong>essa</strong></span> 
     </span>
     <span class='ocr_line' id='line_1_5' title="bbox 107 663 1086 747; baseline -0.005 -19"><span class='ocrx_word' id='word_1_28' title='bbox 107 667 196 736; x_wconf 79' lang='lat' dir='ltr'><strong>hiem</strong></span> <span class='ocrx_word' id='word_1_29' title='bbox 212 663 467 746; x_wconf 84' lang='lat' dir='ltr'><strong>disputationem,</strong></span> <span class='ocrx_word' id='word_1_30' title='bbox 480 663 553 746; x_wconf 83' lang='lat' dir='ltr'><strong>quia</strong></span> <span class='ocrx_word' id='word_1_31' title='bbox 573 664 605 724; x_wconf 93' lang='lat' dir='ltr'><strong>in</strong></span> <span class='ocrx_word' id='word_1_32' title='bbox 619 663 834 727; x_wconf 68' lang='lat' dir='ltr'><strong>detrimentum</strong></span> <span class='ocrx_word' id='word_1_33' title='bbox 845 663 1003 747; x_wconf 85' lang='lat' dir='ltr'><strong>&#39;religionis</strong></span> <span class='ocrx_word' id='word_1_34' title='bbox 1016 681 1086 725; x_wconf 88' lang='lat' dir='ltr'><strong>ver-</strong></span> 
     </span>
     <span class='ocr_line' id='line_1_6' title="bbox 124 761 203 819; baseline 0.038 -3"><span class='ocrx_word' id='word_1_35' title='bbox 124 761 203 819; x_wconf 87' lang='lat' dir='ltr'><strong>eret.</strong></span> 
     </span>
     <span class='ocr_line' id='line_1_7' title="bbox 104 777 1088 924; baseline -0.006 -19"><span class='ocrx_word' id='word_1_36' title='bbox 104 777 122 838; x_wconf 69' lang='lat' dir='ltr'>g</span> <span class='ocrx_word' id='word_1_37' title='bbox 143 845 222 905; x_wconf 89' lang='lat' dir='ltr'><strong>Jure</strong></span> <span class='ocrx_word' id='word_1_38' title='bbox 240 839 366 924; x_wconf 82' lang='lat' dir='ltr'><strong>positivo</strong></span> <span class='ocrx_word' id='word_1_39' title='bbox 380 838 564 922; x_wconf 74' lang='lat' dir='ltr'><strong>prohdritam</strong></span> <span class='ocrx_word' id='word_1_40' title='bbox 585 839 679 906; x_wconf 88' lang='lat' dir='ltr'><strong>videri</strong></span> <span class='ocrx_word' id='word_1_41' title='bbox 698 841 843 906; x_wconf 91' lang='lat' dir='ltr'><strong>omnihus</strong></span> <span class='ocrx_word' id='word_1_42' title='bbox 856 839 961 904; x_wconf 88' lang='lat' dir='ltr'><strong>iaicis:</strong></span> <span class='ocrx_word' id='word_1_43' title='bbox 978 839 1088 901; x_wconf 87' lang='lat' dir='ltr'><strong>dicitnr</strong></span> 
     </span>
     <span class='ocr_line' id='line_1_8' title="bbox 104 927 1088 1013; baseline -0.006 -19"><span class='ocrx_word' id='word_1_44' title='bbox 104 933 190 995; x_wconf 90' lang='lat' dir='ltr'><strong>euim</strong></span> <span class='ocrx_word' id='word_1_45' title='bbox 205 931 238 992; x_wconf 94' lang='lat' dir='ltr'><strong>in</strong></span> <span class='ocrx_word' id='word_1_46' title='bbox 253 949 320 1013; x_wconf 90' lang='lat' dir='ltr'><strong>cap.</strong></span> <span class='ocrx_word' id='word_1_47' title='bbox 338 927 534 1012; x_wconf 71' lang='lat' dir='ltr'><strong>Quacumque,</strong></span> <span class='ocrx_word' id='word_1_48' title='bbox 549 930 799 1008; x_wconf 60' lang='lat' dir='ltr'><strong>deterescere</strong></span> <span class='ocrx_word' id='word_1_49' title='bbox 814 935 847 995; x_wconf 79' lang='lat'><strong>6⁰</strong></span> <span class='ocrx_word' id='word_1_50' title='bbox 863 950 870 993; x_wconf 75' lang='grc' dir='ltr'><strong>ε</strong></span> <span class='ocrx_word' id='word_1_51' title='bbox 889 929 1088 992; x_wconf 73' lang='lat' dir='ltr'><strong>«inhibemus</strong></span> 
     </span>
     <span class='ocr_line' id='line_1_9' title="bbox 108 1015 1087 1102; baseline -0.005 -22"><span class='ocrx_word' id='word_1_52' title='bbox 108 1043 124 1080; x_wconf 79' lang='lat' dir='ltr'><strong>a</strong></span> <span class='ocrx_word' id='word_1_53' title='bbox 144 1037 274 1102; x_wconf 90' lang='lat' dir='ltr'><strong>quoque</strong></span> <span class='ocrx_word' id='word_1_54' title='bbox 288 1037 326 1081; x_wconf 91' lang='lat' dir='ltr'><strong>ne</strong></span> <span class='ocrx_word' id='word_1_55' title='bbox 340 1019 463 1081; x_wconf 82' lang='lat' dir='ltr'><strong>cuilibet</strong></span> <span class='ocrx_word' id='word_1_56' title='bbox 478 1018 562 1081; x_wconf 87' lang='lat' dir='ltr'><strong>laicae</strong></span> <span class='ocrx_word' id='word_1_57' title='bbox 576 1039 716 1102; x_wconf 86' lang='lat' dir='ltr'><strong>personae</strong></span> <span class='ocrx_word' id='word_1_58' title='bbox 731 1021 820 1084; x_wconf 87' lang='lat' dir='ltr'><strong>liceat</strong></span> <span class='ocrx_word' id='word_1_59' title='bbox 832 1018 954 1102; x_wconf 81' lang='lat' dir='ltr'><strong>publice</strong></span> <span class='ocrx_word' id='word_1_60' title='bbox 966 1017 1012 1080; x_wconf 92' lang='lat' dir='ltr'><strong>vel</strong></span> <span class='ocrx_word' id='word_1_61' title='bbox 1023 1015 1087 1098; x_wconf 92' lang='lat' dir='ltr'><strong>pri-</strong></span> 
     </span>
     <span class='ocr_line' id='line_1_10' title="bbox 107 1105 1087 1191; baseline -0.006 -20"><span class='ocrx_word' id='word_1_62' title='bbox 107 1131 126 1170; x_wconf 80' lang='lat' dir='ltr'><strong>a</strong></span> <span class='ocrx_word' id='word_1_63' title='bbox 143 1109 257 1185; x_wconf 86' lang='lat' dir='ltr'><strong>vatim,</strong></span> <span class='ocrx_word' id='word_1_64' title='bbox 273 1107 312 1169; x_wconf 91' lang='lat' dir='ltr'><strong>de</strong></span> <span class='ocrx_word' id='word_1_65' title='bbox 326 1105 386 1170; x_wconf 85' lang='lat' dir='ltr'><strong>fide</strong></span> <span class='ocrx_word' id='word_1_66' title='bbox 395 1107 546 1170; x_wconf 77' lang='lat' dir='ltr'><strong>catholica</strong></span> <span class='ocrx_word' id='word_1_67' title='bbox 555 1108 728 1190; x_wconf 88' lang='lat' dir='ltr'><strong>disputare:</strong></span> <span class='ocrx_word' id='word_1_68' title='bbox 742 1111 795 1191; x_wconf 87' lang='lat' dir='ltr'><strong>qui</strong></span> <span class='ocrx_word' id='word_1_69' title='bbox 809 1110 881 1172; x_wconf 84' lang='lat' dir='ltr'><strong>verb</strong></span> <span class='ocrx_word' id='word_1_70' title='bbox 889 1113 994 1172; x_wconf 86' lang='lat' dir='ltr'><strong>contra</strong></span> <span class='ocrx_word' id='word_1_71' title='bbox 1004 1105 1087 1166; x_wconf 83' lang='lat' dir='ltr'><strong>iece-</strong></span> 
     </span>
     <span class='ocr_line' id='line_1_11' title="bbox 108 1194 1089 1280; baseline -0.002 -24"><span class='ocrx_word' id='word_1_72' title='bbox 108 1197 207 1272; x_wconf 65' lang='grc' dir='ltr'><strong>«νὴ,</strong></span> <span class='ocrx_word' id='word_1_73' title='bbox 232 1196 558 1264; x_wconf 74' lang='lat' dir='ltr'><strong>excommunicationis</strong></span> <span class='ocrx_word' id='word_1_74' title='bbox 585 1198 695 1280; x_wconf 89' lang='lat' dir='ltr'><strong>laqueo</strong></span> <span class='ocrx_word' id='word_1_75' title='bbox 721 1197 895 1261; x_wconf 90' lang='lat' dir='ltr'><strong>innodatur.</strong></span> <span class='ocrx_word' id='word_1_76' title='bbox 927 1217 943 1256; x_wconf 83' lang='lat' dir='ltr'><strong>a</strong></span> <span class='ocrx_word' id='word_1_77' title='bbox 973 1194 1089 1258; x_wconf 89' lang='lat' dir='ltr'><strong>Dicitur</strong></span> 
     </span>
     <span class='ocr_line' id='line_1_12' title="bbox 104 1281 1087 1370; baseline -0.007 -21"><span class='ocrx_word' id='word_1_78' title='bbox 104 1285 260 1349; x_wconf 88' lang='lat' dir='ltr'><strong>tamenin</strong></span> <span class='ocrx_word' id='word_1_79' title='bbox 277 1285 382 1347; x_wconf 75' lang='lat' dir='ltr'><strong>Glossa</strong></span> <span class='ocrx_word' id='word_1_80' title='bbox 395 1284 479 1365; x_wconf 85' lang='lat' dir='ltr'><strong>qudd</strong></span> <span class='ocrx_word' id='word_1_81' title='bbox 496 1303 553 1348; x_wconf 84' lang='lat' dir='ltr'><strong>vox</strong></span> <span class='ocrx_word' id='word_1_82' title='bbox 576 1286 663 1351; x_wconf 82' lang='lat' dir='ltr'><strong>laicae</strong></span> <span class='ocrx_word' id='word_1_83' title='bbox 686 1287 884 1370; x_wconf 88' lang='lat' dir='ltr'><strong>intelligenda</strong></span> <span class='ocrx_word' id='word_1_84' title='bbox 901 1285 940 1349; x_wconf 89' lang='lat' dir='ltr'><strong>sit</strong></span> <span class='ocrx_word' id='word_1_85' title='bbox 960 1283 1036 1346; x_wconf 81' lang='lat' dir='ltr'><strong>forth</strong></span> <span class='ocrx_word' id='word_1_86' title='bbox 1049 1281 1087 1346; x_wconf 89' lang='lat' dir='ltr'><strong>ad</strong></span> 
     </span>
     <span class='ocr_line' id='line_1_13' title="bbox 104 1372 1088 1456; baseline -0.003 -21"><span class='ocrx_word' id='word_1_87' title='bbox 104 1372 227 1435; x_wconf 82' lang='lat' dir='ltr'><strong>modum</strong></span> <span class='ocrx_word' id='word_1_88' title='bbox 241 1372 532 1436; x_wconf 80' lang='lat' dir='ltr'><strong>ultramontanorum</strong></span> <span class='ocrx_word' id='word_1_89' title='bbox 547 1377 601 1456; x_wconf 82' lang='lat' dir='ltr'><strong>qui</strong></span> <span class='ocrx_word' id='word_1_90' title='bbox 620 1377 781 1438; x_wconf 78' lang='lat' dir='ltr'><strong>illiteratos</strong></span> <span class='ocrx_word' id='word_1_91' title='bbox 800 1377 892 1439; x_wconf 83' lang='lat' dir='ltr'><strong>laicos</strong></span> <span class='ocrx_word' id='word_1_92' title='bbox 913 1382 1036 1449; x_wconf 84' lang='lat' dir='ltr'><strong>vocant,</strong></span> <span class='ocrx_word' id='word_1_93' title='bbox 1059 1381 1088 1434; x_wconf 88' lang='lat' dir='ltr'><strong>et</strong></span> 
     </span>
     <span class='ocr_line' id='line_1_14' title="bbox 106 1461 1088 1544; baseline -0.002 -20"><span class='ocrx_word' id='word_1_94' title='bbox 106 1463 255 1526; x_wconf 78' lang='lat' dir='ltr'><strong>litteratos</strong></span> <span class='ocrx_word' id='word_1_95' title='bbox 267 1461 401 1525; x_wconf 80' lang='lat' dir='ltr'><strong>clericor.</strong></span> <span class='ocrx_word' id='word_1_96' title='bbox 418 1461 477 1525; x_wconf 88' lang='lat' dir='ltr'><strong>Sed</strong></span> <span class='ocrx_word' id='word_1_97' title='bbox 489 1463 638 1544; x_wconf 89' lang='lat' dir='ltr'><strong>quidquid</strong></span> <span class='ocrx_word' id='word_1_98' title='bbox 651 1465 688 1526; x_wconf 90' lang='lat' dir='ltr'><strong>sit</strong></span> <span class='ocrx_word' id='word_1_99' title='bbox 701 1465 739 1527; x_wconf 92' lang='lat' dir='ltr'><strong>de</strong></span> <span class='ocrx_word' id='word_1_100' title='bbox 753 1465 816 1541; x_wconf 87' lang='lat' dir='ltr'><strong>his,</strong></span> <span class='ocrx_word' id='word_1_101' title='bbox 830 1462 1029 1544; x_wconf 83' lang='lat' dir='ltr'><strong>excipiendus</strong></span> <span class='ocrx_word' id='word_1_102' title='bbox 1043 1470 1088 1524; x_wconf 85' lang='lat' dir='ltr'><strong>est</strong></span> 
     </span>
     <span class='ocr_line' id='line_1_15' title="bbox 102 1550 1087 1633; baseline -0.005 -17"><span class='ocrx_word' id='word_1_103' title='bbox 102 1569 199 1616; x_wconf 87' lang='lat' dir='ltr'><strong>casus</strong></span> <span class='ocrx_word' id='word_1_104' title='bbox 208 1550 395 1613; x_wconf 80' lang='lat' dir='ltr'><strong>necessitatis</strong></span> <span class='ocrx_word' id='word_1_105' title='bbox 409 1557 460 1614; x_wconf 91' lang='lat' dir='ltr'><strong>aut</strong></span> <span class='ocrx_word' id='word_1_106' title='bbox 476 1569 595 1632; x_wconf 88' lang='lat' dir='ltr'><strong>magnae</strong></span> <span class='ocrx_word' id='word_1_107' title='bbox 610 1553 762 1624; x_wconf 84' lang='lat' dir='ltr'><strong>utilitatis;</strong></span> <span class='ocrx_word' id='word_1_108' title='bbox 778 1559 850 1633; x_wconf 90' lang='lat' dir='ltr'><strong>puta</strong></span> <span class='ocrx_word' id='word_1_109' title='bbox 864 1553 937 1615; x_wconf 80' lang='lat' dir='ltr'><strong>ciam</strong></span> <span class='ocrx_word' id='word_1_110' title='bbox 951 1551 1087 1612; x_wconf 79' lang='lat' dir='ltr'><strong>refellen-</strong></span> 
     </span>
     <span class='ocr_line' id='line_1_16' title="bbox 104 1637 1085 1720; baseline -0.006 -17"><span class='ocrx_word' id='word_1_111' title='bbox 104 1639 165 1704; x_wconf 89' lang='lat' dir='ltr'><strong>dus</strong></span> <span class='ocrx_word' id='word_1_112' title='bbox 180 1643 262 1702; x_wconf 86' lang='lat' dir='ltr'><strong>esset</strong></span> <span class='ocrx_word' id='word_1_113' title='bbox 276 1637 436 1702; x_wconf 84' lang='lat' dir='ltr'><strong>haereticus</strong></span> <span class='ocrx_word' id='word_1_114' title='bbox 449 1638 503 1720; x_wconf 87' lang='lat' dir='ltr'><strong>qui</strong></span> <span class='ocrx_word' id='word_1_115' title='bbox 519 1657 590 1700; x_wconf 91' lang='lat' dir='ltr'><strong>cum</strong></span> <span class='ocrx_word' id='word_1_116' title='bbox 605 1640 717 1718; x_wconf 76' lang='lat' dir='ltr'><strong>injuria</strong></span> <span class='ocrx_word' id='word_1_117' title='bbox 729 1639 800 1702; x_wconf 85' lang='lat' dir='ltr'><strong>fidei</strong></span> <span class='ocrx_word' id='word_1_118' title='bbox 811 1641 938 1718; x_wconf 86' lang='lat' dir='ltr'><strong>ejusque</strong></span> <span class='ocrx_word' id='word_1_119' title='bbox 952 1637 1085 1719; x_wconf 92' lang='lat' dir='ltr'><strong>periculo</strong></span> 
     </span>
     <span class='ocr_line' id='line_1_17' title="bbox 104 1725 1085 1812; baseline -0.002 -22"><span class='ocrx_word' id='word_1_120' title='bbox 104 1727 257 1812; x_wconf 85' lang='lat' dir='ltr'><strong>loquitur.</strong></span> <span class='ocrx_word' id='word_1_121' title='bbox 279 1728 355 1790; x_wconf 88' lang='lat' dir='ltr'><strong>Item</strong></span> <span class='ocrx_word' id='word_1_122' title='bbox 369 1726 543 1807; x_wconf 84' lang='lat' dir='ltr'><strong>excipiendi</strong></span> <span class='ocrx_word' id='word_1_123' title='bbox 566 1733 638 1790; x_wconf 87' lang='lat' dir='ltr'><strong>sunt</strong></span> <span class='ocrx_word' id='word_1_124' title='bbox 652 1728 709 1790; x_wconf 89' lang='lat' dir='ltr'><strong>toci</strong></span> <span class='ocrx_word' id='word_1_125' title='bbox 724 1727 775 1791; x_wconf 92' lang='lat' dir='ltr'><strong>ubi</strong></span> <span class='ocrx_word' id='word_1_126' title='bbox 794 1726 944 1790; x_wconf 89' lang='lat' dir='ltr'><strong>contraria</strong></span> <span class='ocrx_word' id='word_1_127' title='bbox 963 1725 1085 1788; x_wconf 87' lang='lat' dir='ltr'><strong>invaluit</strong></span> 
     </span>
     <span class='ocr_line' id='line_1_18' title="bbox 104 1813 1087 1896; baseline -0.006 -15"><span class='ocrx_word' id='word_1_128' title='bbox 104 1814 316 1891; x_wconf 82' lang='lat' dir='ltr'><strong>consuetudo,</strong></span> <span class='ocrx_word' id='word_1_129' title='bbox 331 1822 365 1877; x_wconf 91' lang='lat' dir='ltr'><strong>ut</strong></span> <span class='ocrx_word' id='word_1_130' title='bbox 378 1814 479 1878; x_wconf 89' lang='lat' dir='ltr'><strong>evenit</strong></span> <span class='ocrx_word' id='word_1_131' title='bbox 494 1817 526 1876; x_wconf 95' lang='lat' dir='ltr'><strong>in</strong></span> <span class='ocrx_word' id='word_1_132' title='bbox 542 1817 704 1878; x_wconf 76' lang='lat' dir='ltr'><strong>Germania</strong></span> <span class='ocrx_word' id='word_1_133' title='bbox 719 1821 750 1878; x_wconf 87' lang='lat' dir='ltr'><strong>et</strong></span> <span class='ocrx_word' id='word_1_134' title='bbox 763 1815 829 1878; x_wconf 88' lang='lat' dir='ltr'><strong>aliis</strong></span> <span class='ocrx_word' id='word_1_135' title='bbox 844 1813 917 1877; x_wconf 86' lang='lat' dir='ltr'><strong>locis</strong></span> <span class='ocrx_word' id='word_1_136' title='bbox 931 1813 963 1875; x_wconf 94' lang='lat' dir='ltr'><strong>in</strong></span> <span class='ocrx_word' id='word_1_137' title='bbox 977 1813 1087 1896; x_wconf 90' lang='lat' dir='ltr'><strong>quibus</strong></span> 
     </span>
     <span class='ocr_line' id='line_1_19' title="bbox 105 1903 784 1985; baseline 0 -17"><span class='ocrx_word' id='word_1_138' title='bbox 105 1904 250 1968; x_wconf 84' lang='lat' dir='ltr'><strong>catholici</strong></span> <span class='ocrx_word' id='word_1_139' title='bbox 266 1903 407 1985; x_wconf 86' lang='lat' dir='ltr'><strong>permixti</strong></span> <span class='ocrx_word' id='word_1_140' title='bbox 422 1903 526 1966; x_wconf 91' lang='lat' dir='ltr'><strong>vivunt</strong></span> <span class='ocrx_word' id='word_1_141' title='bbox 540 1922 611 1966; x_wconf 82' lang='lat' dir='ltr'><strong>cunr</strong></span> <span class='ocrx_word' id='word_1_142' title='bbox 627 1905 784 1968; x_wconf 89' lang='lat' dir='ltr'><strong>haereticis.</strong></span> 
     </span>
    </p>

    <p class='ocr_par' dir='ltr' id='par_1_4' title="bbox 105 1991 1089 2254">
     <span class='ocr_line' id='line_1_20' title="bbox 146 1991 1088 2076; baseline -0.001 -22"><span class='ocrx_word' id='word_1_143' title='bbox 146 1992 561 2055; x_wconf 88' lang='lat' dir='ltr'><strong>Doctioribusecclesiasticis</strong></span> <span class='ocrx_word' id='word_1_144' title='bbox 574 1994 657 2056; x_wconf 80' lang='lat' dir='ltr'><strong>certe</strong></span> <span class='ocrx_word' id='word_1_145' title='bbox 669 1993 740 2058; x_wconf 89' lang='lat' dir='ltr'><strong>licet</strong></span> <span class='ocrx_word' id='word_1_146' title='bbox 752 1994 907 2076; x_wconf 86' lang='lat' dir='ltr'><strong>disputare</strong></span> <span class='ocrx_word' id='word_1_147' title='bbox 916 2010 986 2057; x_wconf 90' lang='lat' dir='ltr'><strong>cum</strong></span> <span class='ocrx_word' id='word_1_148' title='bbox 996 1991 1088 2054; x_wconf 86' lang='lat' dir='ltr'><strong>haere·</strong></span> 
     </span>
     <span class='ocr_line' id='line_1_21' title="bbox 105 2081 1088 2164; baseline -0.002 -20"><span class='ocrx_word' id='word_1_149' title='bbox 105 2082 190 2154; x_wconf 78' lang='lat' dir='ltr'><strong>tisis,</strong></span> <span class='ocrx_word' id='word_1_150' title='bbox 212 2081 336 2144; x_wconf 87' lang='lat' dir='ltr'><strong>servatis</strong></span> <span class='ocrx_word' id='word_1_151' title='bbox 358 2087 461 2142; x_wconf 88' lang='lat' dir='ltr'><strong>tamen</strong></span> <span class='ocrx_word' id='word_1_152' title='bbox 483 2082 656 2144; x_wconf 83' lang='lat' dir='ltr'><strong>servandis:</strong></span> <span class='ocrx_word' id='word_1_153' title='bbox 679 2089 711 2146; x_wconf 92' lang='lat' dir='ltr'><strong>ut</strong></span> <span class='ocrx_word' id='word_1_154' title='bbox 735 2101 845 2164; x_wconf 85' lang='lat' dir='ltr'><strong>nempe</strong></span> <span class='ocrx_word' id='word_1_155' title='bbox 867 2083 943 2145; x_wconf 88' lang='lat' dir='ltr'><strong>adsit</strong></span> <span class='ocrx_word' id='word_1_156' title='bbox 966 2083 1088 2162; x_wconf 88' lang='lat' dir='ltr'><strong>majoris</strong></span> 
     </span>
     <span class='ocr_line' id='line_1_22' title="bbox 106 2169 1089 2254; baseline -0.003 -20"><span class='ocrx_word' id='word_1_157' title='bbox 106 2171 181 2234; x_wconf 92' lang='lat' dir='ltr'><strong>boni</strong></span> <span class='ocrx_word' id='word_1_158' title='bbox 197 2187 285 2252; x_wconf 83' lang='lat' dir='ltr'><strong>spes,</strong></span> <span class='ocrx_word' id='word_1_159' title='bbox 303 2187 361 2232; x_wconf 90' lang='lat' dir='ltr'><strong>nec</strong></span> <span class='ocrx_word' id='word_1_160' title='bbox 383 2169 420 2230; x_wconf 91' lang='lat' dir='ltr'><strong>sit</strong></span> <span class='ocrx_word' id='word_1_161' title='bbox 434 2169 603 2252; x_wconf 81' lang='lat' dir='ltr'><strong>periculum</strong></span> <span class='ocrx_word' id='word_1_162' title='bbox 620 2189 656 2234; x_wconf 85' lang='lat' dir='ltr'><strong>ex</strong></span> <span class='ocrx_word' id='word_1_163' title='bbox 681 2178 766 2254; x_wconf 89' lang='lat' dir='ltr'><strong>parte</strong></span> <span class='ocrx_word' id='word_1_164' title='bbox 781 2171 965 2234; x_wconf 87' lang='lat' dir='ltr'><strong>auditorum.</strong></span> <span class='ocrx_word' id='word_1_165' title='bbox 983 2170 1041 2233; x_wconf 89' lang='lat' dir='ltr'><strong>Sed</strong></span> <span class='ocrx_word' id='word_1_166' title='bbox 1056 2179 1089 2232; x_wconf 89' lang='lat' dir='ltr'><strong>nt</strong></span> 
     </span>
    </p>
   </div>
   <div class='ocr_carea' id='block_1_3' title="bbox 12 2257 1086 2342">
    <p class='ocr_par' dir='ltr' id='par_1_5' title="bbox 12 2257 1086 2342">
     <span class='ocr_line' id='line_1_23' title="bbox 12 2257 1086 2342; baseline -0.003 -19"><span class='ocrx_word' id='word_1_167' title='bbox 12 2285 13 2292; x_wconf 47' lang='lat'>¹</span> <span class='ocrx_word' id='word_1_168' title='bbox 107 2259 245 2342; x_wconf 83' lang='lat' dir='ltr'><strong>pericula</strong></span> <span class='ocrx_word' id='word_1_169' title='bbox 259 2257 379 2334; x_wconf 84' lang='lat' dir='ltr'><strong>omnia,</strong></span> <span class='ocrx_word' id='word_1_170' title='bbox 402 2258 434 2319; x_wconf 94' lang='lat' dir='ltr'><strong>in</strong></span> <span class='ocrx_word' id='word_1_171' title='bbox 452 2259 602 2339; x_wconf 81' lang='lat' dir='ltr'><strong>quantum</strong></span> <span class='ocrx_word' id='word_1_172' title='bbox 618 2259 683 2322; x_wconf 90' lang='lat' dir='ltr'><strong>fieri</strong></span> <span class='ocrx_word' id='word_1_173' title='bbox 703 2267 819 2342; x_wconf 86' lang='lat' dir='ltr'><strong>potest,</strong></span> <span class='ocrx_word' id='word_1_174' title='bbox 840 2261 937 2341; x_wconf 88' lang='lat' dir='ltr'><strong>magis</strong></span> <span class='ocrx_word' id='word_1_175' title='bbox 951 2278 1086 2322; x_wconf 91' lang='lat' dir='ltr'><strong>remove-</strong></span> 
     </span>
    </p>
   </div>
   <div class='ocr_carea' id='block_1_4' title="bbox 105 2345 1093 3842">
    <p class='ocr_par' dir='ltr' id='par_1_6' title="bbox 105 2345 1088 2518">
     <span class='ocr_line' id='line_1_24' title="bbox 107 2345 1088 2430; baseline -0.003 -19"><span class='ocrx_word' id='word_1_176' title='bbox 107 2345 217 2422; x_wconf 81' lang='lat' dir='ltr'><strong>antur,</strong></span> <span class='ocrx_word' id='word_1_177' title='bbox 227 2346 435 2409; x_wconf 86' lang='lat' dir='ltr'><strong>consulendus</strong></span> <span class='ocrx_word' id='word_1_178' title='bbox 447 2354 491 2408; x_wconf 92' lang='lat' dir='ltr'><strong>est</strong></span> <span class='ocrx_word' id='word_1_179' title='bbox 505 2347 701 2423; x_wconf 88' lang='lat' dir='ltr'><strong>Ordinerius,</strong></span> <span class='ocrx_word' id='word_1_180' title='bbox 718 2368 775 2412; x_wconf 91' lang='lat' dir='ltr'><strong>nec</strong></span> <span class='ocrx_word' id='word_1_181' title='bbox 789 2350 855 2412; x_wconf 79' lang='lat' dir='ltr'><strong>sine</strong></span> <span class='ocrx_word' id='word_1_182' title='bbox 866 2349 959 2430; x_wconf 90' lang='lat' dir='ltr'><strong>ipsius</strong></span> <span class='ocrx_word' id='word_1_183' title='bbox 968 2349 1088 2410; x_wconf 79' lang='lat' dir='ltr'><strong>licentia</strong></span> 
     </span>
     <span class='ocr_line' id='line_1_25' title="bbox 105 2433 1046 2518; baseline -0.003 -18"><span class='ocrx_word' id='word_1_184' title='bbox 105 2435 240 2518; x_wconf 76' lang='lat' dir='ltr'><strong>publicae</strong></span> <span class='ocrx_word' id='word_1_185' title='bbox 253 2433 472 2517; x_wconf 87' lang='lat' dir='ltr'><strong>disputationes</strong></span> <span class='ocrx_word' id='word_1_186' title='bbox 485 2454 558 2498; x_wconf 89' lang='lat' dir='ltr'><strong>cum</strong></span> <span class='ocrx_word' id='word_1_187' title='bbox 571 2436 720 2500; x_wconf 84' lang='lat' dir='ltr'><strong>haereticis</strong></span> <span class='ocrx_word' id='word_1_188' title='bbox 740 2445 810 2500; x_wconf 89' lang='lat' dir='ltr'><strong>sunt</strong></span> <span class='ocrx_word' id='word_1_189' title='bbox 825 2436 1046 2518; x_wconf 82' lang='lat' dir='ltr'><strong>aggrediendae.</strong></span> 
     </span>
    </p>

    <p class='ocr_par' dir='ltr' id='par_1_7' title="bbox 107 2522 1089 2686">
     <span class='ocr_line' id='line_1_26' title="bbox 146 2522 1089 2606; baseline -0.004 -17"><span class='ocrx_word' id='word_1_190' title='bbox 146 2528 219 2589; x_wconf 74' lang='lat'><strong>871.</strong></span> <span class='ocrx_word' id='word_1_191' title='bbox 243 2523 367 2596; x_wconf 81' lang='lat' dir='ltr'><strong>Ouaerit.</strong></span> <span class='ocrx_word' id='word_1_192' title='bbox 391 2525 422 2585; x_wconf 84' lang='lat'><strong>3⁰</strong></span> <span class='ocrx_word' id='word_1_193' title='bbox 435 2522 588 2594; x_wconf 79' lang='lat' dir='ltr'><strong>Quatenus</strong></span> <span class='ocrx_word' id='word_1_194' title='bbox 603 2526 728 2589; x_wconf 82' lang='lat' dir='ltr'><strong>haeresis</strong></span> <span class='ocrx_word' id='word_1_195' title='bbox 747 2526 871 2596; x_wconf 85' lang='lat' dir='ltr'><strong>inducat</strong></span> <span class='ocrx_word' id='word_1_196' title='bbox 890 2524 1089 2606; x_wconf 87' lang='lat' dir='ltr'><strong>privationem</strong></span> 
     </span>
     <span class='ocr_line' id='line_1_27' title="bbox 107 2612 578 2686; baseline -0.006 -8"><span class='ocrx_word' id='word_1_197' title='bbox 107 2613 281 2678; x_wconf 88' lang='lat' dir='ltr'><strong>officiorum</strong></span> <span class='ocrx_word' id='word_1_198' title='bbox 293 2617 325 2675; x_wconf 90' lang='lat' dir='ltr'><strong>et</strong></span> <span class='ocrx_word' id='word_1_199' title='bbox 336 2612 578 2686; x_wconf 75' lang='lat' dir='ltr'><strong>beneficiorum?</strong></span> 
     </span>
    </p>

    <p class='ocr_par' dir='ltr' id='par_1_8' title="bbox 106 2701 1089 3050">
     <span class='ocr_line' id='line_1_28' title="bbox 147 2701 1088 2783; baseline -0.003 -19"><span class='ocrx_word' id='word_1_200' title='bbox 147 2705 242 2783; x_wconf 84' lang='lat' dir='ltr'><strong>Resp.</strong></span> <span class='ocrx_word' id='word_1_201' title='bbox 256 2701 380 2766; x_wconf 80' lang='lat' dir='ltr'><strong>Certum</strong></span> <span class='ocrx_word' id='word_1_202' title='bbox 389 2719 456 2765; x_wconf 89' lang='lat' dir='ltr'><strong>esse</strong></span> <span class='ocrx_word' id='word_1_203' title='bbox 471 2706 502 2764; x_wconf 81' lang='lat'><strong>1·</strong></span> <span class='ocrx_word' id='word_1_204' title='bbox 515 2702 671 2765; x_wconf 89' lang='lat' dir='ltr'><strong>occultum</strong></span> <span class='ocrx_word' id='word_1_205' title='bbox 680 2703 859 2768; x_wconf 90' lang='lat' dir='ltr'><strong>haereticum</strong></span> <span class='ocrx_word' id='word_1_206' title='bbox 873 2720 936 2766; x_wconf 89' lang='lat' dir='ltr'><strong>non</strong></span> <span class='ocrx_word' id='word_1_207' title='bbox 950 2702 1088 2766; x_wconf 86' lang='lat' dir='ltr'><strong>amittere</strong></span> 
     </span>
     <span class='ocr_line' id='line_1_29' title="bbox 106 2787 1088 2873; baseline -0.006 -18"><span class='ocrx_word' id='word_1_208' title='bbox 106 2787 366 2873; x_wconf 82' lang='lat' dir='ltr'><strong>jurisdictionem,</strong></span> <span class='ocrx_word' id='word_1_209' title='bbox 384 2807 441 2852; x_wconf 88' lang='lat' dir='ltr'><strong>nec</strong></span> <span class='ocrx_word' id='word_1_210' title='bbox 460 2789 646 2871; x_wconf 81' lang='lat' dir='ltr'><strong>Dignitatem</strong></span> <span class='ocrx_word' id='word_1_211' title='bbox 666 2812 683 2852; x_wconf 77' lang='lat' dir='ltr'><strong>a</strong></span> <span class='ocrx_word' id='word_1_212' title='bbox 704 2790 802 2854; x_wconf 90' lang='lat' dir='ltr'><strong>donec</strong></span> <span class='ocrx_word' id='word_1_213' title='bbox 817 2793 900 2872; x_wconf 85' lang='lat' dir='ltr'><strong>ipse,</strong></span> <span class='ocrx_word' id='word_1_214' title='bbox 920 2790 961 2852; x_wconf 90' lang='lat' dir='ltr'><strong>ait</strong></span> <span class='ocrx_word' id='word_1_215' title='bbox 976 2790 1088 2850; x_wconf 87' lang='lat' dir='ltr'><strong>Bellar-</strong></span> 
     </span>
     <span class='ocr_line' id='line_1_30' title="bbox 111 2875 1089 2960; baseline -0.004 -18"><span class='ocrx_word' id='word_1_216' title='bbox 111 2903 128 2942; x_wconf 72' lang='grc' dir='ltr'>ι</span> <span class='ocrx_word' id='word_1_217' title='bbox 148 2879 255 2942; x_wconf 90' lang='lat' dir='ltr'><strong>minus</strong></span> <span class='ocrx_word' id='word_1_218' title='bbox 268 2875 316 2959; x_wconf 85' lang='lat' dir='ltr'><strong>(de</strong></span> <span class='ocrx_word' id='word_1_219' title='bbox 329 2875 447 2943; x_wconf 78' lang='lat' dir='ltr'><strong>Erotes.</strong></span> <span class='ocrx_word' id='word_1_220' title='bbox 460 2879 567 2953; x_wconf 76' lang='lat' dir='ltr'><strong>mitta,</strong></span> <span class='ocrx_word' id='word_1_221' title='bbox 584 2877 636 2941; x_wconf 88' lang='lat' dir='ltr'><strong>tib.</strong></span> <span class='ocrx_word' id='word_1_222' title='bbox 653 2882 684 2954; x_wconf 80' lang='lat'><strong>3,</strong></span> <span class='ocrx_word' id='word_1_223' title='bbox 696 2897 765 2960; x_wconf 91' lang='lat' dir='ltr'><strong>cap.</strong></span> <span class='ocrx_word' id='word_1_224' title='bbox 783 2879 847 2960; x_wconf 71' lang='lat'>10),</span> <span class='ocrx_word' id='word_1_225' title='bbox 862 2896 895 2941; x_wconf 89' lang='lat' dir='ltr'><strong>se</strong></span> <span class='ocrx_word' id='word_1_226' title='bbox 906 2877 945 2940; x_wconf 88' lang='lat' dir='ltr'><strong>ah</strong></span> <span class='ocrx_word' id='word_1_227' title='bbox 956 2876 1089 2940; x_wconf 81' lang='lat' dir='ltr'><strong>Ecclesia</strong></span> 
     </span>
     <span class='ocr_line' id='line_1_31' title="bbox 112 2967 900 3050; baseline -0.01 -16"><span class='ocrx_word' id='word_1_228' title='bbox 112 2990 129 3034; x_wconf 81' lang='lat' dir='ltr'><strong>a</strong></span> <span class='ocrx_word' id='word_1_229' title='bbox 147 2971 284 3050; x_wconf 84' lang='lat' dir='ltr'><strong>separet,</strong></span> <span class='ocrx_word' id='word_1_230' title='bbox 300 2971 354 3028; x_wconf 90' lang='lat' dir='ltr'><strong>aut</strong></span> <span class='ocrx_word' id='word_1_231' title='bbox 366 2967 524 3030; x_wconf 91' lang='lat' dir='ltr'><strong>convictus</strong></span> <span class='ocrx_word' id='word_1_232' title='bbox 537 2967 687 3031; x_wconf 86' lang='lat' dir='ltr'><strong>haereseos</strong></span> <span class='ocrx_word' id='word_1_233' title='bbox 698 2975 865 3050; x_wconf 89' lang='lat' dir='ltr'><strong>separetur.</strong></span> <span class='ocrx_word' id='word_1_234' title='bbox 883 2987 900 3026; x_wconf 75' lang='lat' dir='ltr'><strong>a</strong></span> 
     </span>
    </p>

    <p class='ocr_par' dir='ltr' id='par_1_9' title="bbox 107 3054 1093 3318">
     <span class='ocr_line' id='line_1_32' title="bbox 148 3054 1093 3132; baseline -0.002 -12"><span class='ocrx_word' id='word_1_235' title='bbox 148 3058 273 3120; x_wconf 81' lang='lat' dir='ltr'><strong>Certum</strong></span> <span class='ocrx_word' id='word_1_236' title='bbox 285 3071 352 3116; x_wconf 87' lang='lat' dir='ltr'><strong>esse</strong></span> <span class='ocrx_word' id='word_1_237' title='bbox 360 3059 394 3118; x_wconf 76' lang='lat'><strong>2⁰</strong></span> <span class='ocrx_word' id='word_1_238' title='bbox 407 3063 478 3119; x_wconf 91' lang='lat' dir='ltr'><strong>ante</strong></span> <span class='ocrx_word' id='word_1_239' title='bbox 488 3057 608 3119; x_wconf 83' lang='lat' dir='ltr'><strong>Extrav.</strong></span> <span class='ocrx_word' id='word_1_240' title='bbox 620 3056 670 3119; x_wconf 78' lang='lat' dir='ltr'><strong>Aa</strong></span> <span class='ocrx_word' id='word_1_241' title='bbox 681 3055 819 3120; x_wconf 85' lang='lat' dir='ltr'><strong>ear&#39;tunda</strong></span> <span class='ocrx_word' id='word_1_242' title='bbox 831 3055 984 3132; x_wconf 81' lang='lat' dir='ltr'><strong>scandata,</strong></span> <span class='ocrx_word' id='word_1_243' title='bbox 994 3054 1093 3118; x_wconf 75' lang='lat' dir='ltr'><strong>haere·</strong></span> 
     </span>
     <span class='ocr_line' id='line_1_33' title="bbox 107 3142 1092 3226; baseline -0.004 -16"><span class='ocrx_word' id='word_1_244' title='bbox 107 3147 184 3210; x_wconf 89' lang='lat' dir='ltr'><strong>ticos</strong></span> <span class='ocrx_word' id='word_1_245' title='bbox 197 3149 231 3208; x_wconf 86' lang='lat' dir='ltr'><strong>et</strong></span> <span class='ocrx_word' id='word_1_246' title='bbox 243 3142 453 3206; x_wconf 87' lang='lat' dir='ltr'><strong>schismaticus</strong></span> <span class='ocrx_word' id='word_1_247' title='bbox 468 3144 646 3207; x_wconf 83' lang='lat' dir='ltr'><strong>manifestos</strong></span> <span class='ocrx_word' id='word_1_248' title='bbox 657 3147 727 3226; x_wconf 82' lang='lat' dir='ltr'><strong>J&#39;ure</strong></span> <span class='ocrx_word' id='word_1_249' title='bbox 740 3146 944 3208; x_wconf 85' lang='lat' dir='ltr'><strong>ecclesiastico</strong></span> <span class='ocrx_word' id='word_1_250' title='bbox 956 3142 1092 3226; x_wconf 88' lang='lat' dir='ltr'><strong>caruisse.</strong></span> 
     </span>
     <span class='ocr_line' id='line_1_34' title="bbox 108 3232 821 3318; baseline -0.001 -20"><span class='ocrx_word' id='word_1_251' title='bbox 108 3237 175 3318; x_wconf 89' lang='lat' dir='ltr'><strong>ipso</strong></span> <span class='ocrx_word' id='word_1_252' title='bbox 190 3232 272 3296; x_wconf 83' lang='lat' dir='ltr'><strong>tacto</strong></span> <span class='ocrx_word' id='word_1_253' title='bbox 283 3233 369 3294; x_wconf 90' lang='lat' dir='ltr'><strong>omni</strong></span> <span class='ocrx_word' id='word_1_254' title='bbox 384 3232 587 3296; x_wconf 75' lang='lat' dir='ltr'><strong>ecclesiastice</strong></span> <span class='ocrx_word' id='word_1_255' title='bbox 597 3233 821 3314; x_wconf 87' lang='lat' dir='ltr'><strong>jurisdictione.</strong></span> 
     </span>
    </p>

    <p class='ocr_par' dir='ltr' id='par_1_10' title="bbox 108 3320 1093 3842">
     <span class='ocr_line' id='line_1_35' title="bbox 151 3320 1093 3406; baseline -0.002 -18"><span class='ocrx_word' id='word_1_256' title='bbox 151 3323 333 3404; x_wconf 87' lang='lat' dir='ltr'><strong>Disputatur</strong></span> <span class='ocrx_word' id='word_1_257' title='bbox 346 3337 386 3382; x_wconf 87' lang='lat' dir='ltr'><strong>an</strong></span> <span class='ocrx_word' id='word_1_258' title='bbox 407 3327 478 3404; x_wconf 87' lang='lat' dir='ltr'><strong>post</strong></span> <span class='ocrx_word' id='word_1_259' title='bbox 489 3320 600 3384; x_wconf 90' lang='lat' dir='ltr'><strong>dictam</strong></span> <span class='ocrx_word' id='word_1_260' title='bbox 616 3325 882 3404; x_wconf 82' lang='lat' dir='ltr'><strong>Extraiagantem‚</strong></span> <span class='ocrx_word' id='word_1_261' title='bbox 901 3323 1007 3386; x_wconf 89' lang='lat' dir='ltr'><strong>saltem</strong></span> <span class='ocrx_word' id='word_1_262' title='bbox 1022 3323 1093 3406; x_wconf 72' lang='lat' dir='ltr'><strong>jura]</strong></span> 
     </span>
     <span class='ocr_line' id='line_1_36' title="bbox 108 3409 1092 3492; baseline -0.001 -16"><span class='ocrx_word' id='word_1_263' title='bbox 108 3411 231 3487; x_wconf 90' lang='lat' dir='ltr'><strong>divino,</strong></span> <span class='ocrx_word' id='word_1_264' title='bbox 248 3409 291 3471; x_wconf 87' lang='lat' dir='ltr'><strong>iiii</strong></span> <span class='ocrx_word' id='word_1_265' title='bbox 313 3409 446 3472; x_wconf 84' lang='lat' dir='ltr'><strong>haeretici</strong></span> <span class='ocrx_word' id='word_1_266' title='bbox 467 3415 518 3472; x_wconf 88' lang='lat' dir='ltr'><strong>aut</strong></span> <span class='ocrx_word' id='word_1_267' title='bbox 540 3410 721 3474; x_wconf 89' lang='lat' dir='ltr'><strong>schismatici</strong></span> <span class='ocrx_word' id='word_1_268' title='bbox 743 3410 893 3473; x_wconf 80' lang='lat' dir='ltr'><strong>manifesti</strong></span> <span class='ocrx_word' id='word_1_269' title='bbox 906 3411 1092 3492; x_wconf 59' lang='lat' dir='ltr'><strong>jnrisdiotioe</strong></span> 
     </span>
     <span class='ocr_line' id='line_1_37' title="bbox 108 3498 1090 3583; baseline -0.002 -19"><span class='ocrx_word' id='word_1_270' title='bbox 108 3517 183 3564; x_wconf 88' lang='lat' dir='ltr'><strong>uem</strong></span> <span class='ocrx_word' id='word_1_271' title='bbox 200 3498 325 3580; x_wconf 88' lang='lat' dir='ltr'><strong>penitus</strong></span> <span class='ocrx_word' id='word_1_272' title='bbox 337 3499 499 3561; x_wconf 77' lang='lat' dir='ltr'><strong>amittant?</strong></span> <span class='ocrx_word' id='word_1_273' title='bbox 512 3531 550 3548; x_wconf 91' lang='lat'><em>-</em></span> <span class='ocrx_word' id='word_1_274' title='bbox 567 3499 703 3561; x_wconf 83' lang='lat' dir='ltr'><strong>Aflirmat</strong></span> <span class='ocrx_word' id='word_1_275' title='bbox 719 3500 939 3580; x_wconf 91' lang='lat' dir='ltr'><strong>Bellarminus,</strong></span> <span class='ocrx_word' id='word_1_276' title='bbox 959 3501 997 3565; x_wconf 87' lang='lat' dir='ltr'><strong>ed</strong></span> <span class='ocrx_word' id='word_1_277' title='bbox 1010 3502 1090 3583; x_wconf 81' lang='lat' dir='ltr'><strong>quod</strong></span> 
     </span>
     <span class='ocr_line' id='line_1_38' title="bbox 109 3585 1091 3671; baseline -0.001 -21"><span class='ocrx_word' id='word_1_278' title='bbox 109 3607 166 3671; x_wconf 78' lang='lat' dir='ltr'><strong>per</strong></span> <span class='ocrx_word' id='word_1_279' title='bbox 185 3585 329 3652; x_wconf 84' lang='lat' dir='ltr'><strong>baeresim</strong></span> <span class='ocrx_word' id='word_1_280' title='bbox 351 3587 542 3648; x_wconf 78' lang='lat' dir='ltr'><strong>manifestam</strong></span> <span class='ocrx_word' id='word_1_281' title='bbox 568 3587 677 3668; x_wconf 83' lang='lat' dir='ltr'><strong>aliquis</strong></span> <span class='ocrx_word' id='word_1_282' title='bbox 698 3587 817 3652; x_wconf 88' lang='lat' dir='ltr'><strong>desinat</strong></span> <span class='ocrx_word' id='word_1_283' title='bbox 837 3607 904 3652; x_wconf 89' lang='lat' dir='ltr'><strong>esse</strong></span> <span class='ocrx_word' id='word_1_284' title='bbox 919 3589 1091 3651; x_wconf 85' lang='lat' dir='ltr'><strong>membrum</strong></span> 
     </span>
     <span class='ocr_line' id='line_1_39' title="bbox 109 3675 1091 3758; baseline -0.008 -15"><span class='ocrx_word' id='word_1_285' title='bbox 109 3676 265 3742; x_wconf 78' lang='lat' dir='ltr'><strong>Ecclesiae.</strong></span> <span class='ocrx_word' id='word_1_286' title='bbox 285 3675 382 3756; x_wconf 86' lang='lat' dir='ltr'><strong>Negat</strong></span> <span class='ocrx_word' id='word_1_287' title='bbox 401 3677 475 3738; x_wconf 83' lang='lat' dir='ltr'><strong>verb</strong></span> <span class='ocrx_word' id='word_1_288' title='bbox 488 3678 615 3750; x_wconf 82' lang='lat' dir='ltr'><strong>suarez,</strong></span> <span class='ocrx_word' id='word_1_289' title='bbox 638 3677 711 3758; x_wconf 90' lang='lat' dir='ltr'><strong>quia</strong></span> <span class='ocrx_word' id='word_1_290' title='bbox 729 3677 820 3754; x_wconf 78' lang='lat' dir='ltr'><strong>tides,</strong></span> <span class='ocrx_word' id='word_1_291' title='bbox 835 3678 927 3739; x_wconf 90' lang='lat' dir='ltr'><strong>etiam</strong></span> <span class='ocrx_word' id='word_1_292' title='bbox 950 3683 1091 3753; x_wconf 81' lang='lat' dir='ltr'><strong>externa,</strong></span> 
     </span>
     <span class='ocr_line' id='line_1_40' title="bbox 111 3761 1091 3842; baseline -0.005 -13"><span class='ocrx_word' id='word_1_293' title='bbox 111 3771 238 3829; x_wconf 83' lang='lat' dir='ltr'><strong>nonest</strong></span> <span class='ocrx_word' id='word_1_294' title='bbox 259 3761 493 3827; x_wconf 77' lang='lat' dir='ltr'><strong>faurdamentum</strong></span> <span class='ocrx_word' id='word_1_295' title='bbox 514 3765 642 3827; x_wconf 86' lang='lat' dir='ltr'><strong>omnind</strong></span> <span class='ocrx_word' id='word_1_296' title='bbox 659 3767 864 3830; x_wconf 89' lang='lat' dir='ltr'><strong>necessarium</strong></span> <span class='ocrx_word' id='word_1_297' title='bbox 876 3763 1091 3842; x_wconf 83' lang='lat' dir='ltr'><strong>jurisdictionis</strong></span> 
     </span>
    </p>
   </div>
   <div class='ocr_carea' id='block_1_5' title="bbox 0 0 1286 4204">
    <p class='ocr_par' dir='ltr' id='par_1_11' title="bbox 0 0 1286 4204">
     <span class='ocr_line' id='line_1_41' title="bbox 0 0 1286 4204; baseline 0 0"><span class='ocrx_word' id='word_1_298' title='bbox 0 0 1286 4204; x_wconf 95' lang='lat' dir='ltr'><strong> </strong></span> 
     </span>
    </p>
   </div>
  </div>
 </body>
</html>
