2552 4204
193 272 249 331 aaa
464 281 615 326 araneum
633 279 717 323 runis
737 277 885 324 canonici.

192 385 319 450 minima
333 383 460 463 possunt
473 379 612 439 homines
634 392 736 436 rerum
758 382 897 438 naturam
914 378 1049 451 mutare,
1064 381 1097 439 et
1119 375 1163 438 lae

190 492 259 539 cere
273 470 355 554 quod
374 465 487 549 aliquid
502 465 541 528 sit
554 463 703 538 simonia,
727 462 808 545 quod
828 464 887 526 tale
908 483 971 528 non
991 471 1037 528 est
1048 483 1059 540 ;
1074 483 1165 528 secus

191 570 291 626 tamen
307 557 510 623 communiter
524 553 657 616 sentiunt
674 553 748 626 DI),
764 553 835 632 quia
847 553 979 616 Ecclesia
991 561 1090 634 potest
1103 554 1171 616 effiz

191 669 259 714 cere
273 656 306 712 ut
321 647 445 710 materia
459 644 504 706 sui
520 641 660 723 praecepti
679 641 717 702 sit
739 641 864 704 materia
878 642 1087 706 determinate
1099 644 1167 705 vir-

192 739 279 813 tutis,
295 737 371 800 sicut
385 735 433 797 hic
448 731 611 813 religionis,

115 857 119 867 ¹
232 837 281 900 Sic
297 839 328 898 l·
342 835 443 916 plures
458 832 562 893 dicunt
583 826 743 889 simoniam
758 845 824 890 esse
837 825 876 890 da
897 829 963 891 solo
974 829 1044 909 jure
1063 833 1170 896 eccle·

195 927 312 990 siastioo
327 922 457 986 vendere
478 916 642 994 benelioia,
657 917 728 998 quia
741 918 791 994 jus
809 916 846 979 ad
860 917 995 982 redditus
1008 927 1170 1002 tempora·

194 1016 256 1091 les,
271 1013 354 1097 quod
365 1011 447 1076 certe
460 1015 503 1071 est
517 1007 612 1088 pretio
624 1006 800 1068 aestimabile
809 1013 839 1068 et
849 1005 936 1068 vendi
950 1016 1052 1090 posset
1064 1010 1090 1072 si
1105 1030 1169 1075 nun

194 1110 272 1167 esset
285 1101 426 1166 Ecclesiae
437 1095 598 1182 prohibitio
610 1143 618 1168 ,
631 1099 730 1175 potest
743 1095 912 1158 mentaliter
923 1099 1056 1178 separari
1069 1101 1087 1160 a
1100 1101 1169 1178 jure

195 1193 233 1256 ad
247 1190 430 1257 exercendas
444 1205 543 1250 sacras
563 1184 751 1260 functiones,
767 1185 846 1248 sicut
859 1185 889 1247 in
903 1186 996 1250 calice
1010 1199 1169 1270 separatur

195 1283 279 1345 valor
291 1279 407 1362 argenti
422 1277 691 1341 tconsecratione.
714 1276 853 1336 Attamen
874 1275 961 1338 multi
985 1276 1036 1338 alii
1061 1279 1171 1359 probo·

196 1371 286 1434 bilius
299 1369 433 1433 sentiunt
446 1373 519 1428 tunc
533 1363 638 1426 adesse
659 1361 819 1424 simoniam
833 1364 871 1425 ‹le
882 1364 950 1442 jure
963 1364 1082 1440 divino,
1097 1368 1170 1449 quia

197 1459 279 1523 aliud
293 1465 338 1523 est
359 1454 525 1536 temporale
546 1454 579 1515 in
602 1452 716 1526 calice,
740 1453 813 1513 cum
838 1451 879 1513 ibi
895 1453 933 1514 sit
956 1454 1171 1520 antecedenter

198 1566 353 1612 annexum
368 1543 533 1626 spirituali,
546 1541 628 1604 aliud
643 1541 674 1602 in
689 1539 845 1602 beneficiis
858 1540 889 1602 in
905 1542 1016 1621 quibus
1028 1551 1075 1606 est
1093 1547 1173 1609 sub-

198 1646 363 1720 sequenter
372 1634 490 1697 tantiam
501 1648 667 1705 annexum,
678 1631 761 1691 necta
774 1629 918 1711 spirituali
930 1633 1062 1711 separari
1073 1641 1173 1715 potest

198 1728 273 1810 quin
287 1727 386 1788 statim
400 1723 518 1785 desinat
532 1738 597 1782 esse
609 1720 659 1798 jus
673 1716 864 1795 beneficiale3
878 1719 928 1798 Jus
941 1719 1023 1781 enim
1038 1721 1076 1782 ad
1089 1724 1170 1787 truc-

198 1823 248 1880 tus
268 1813 408 1878 beneficii
434 1830 496 1873 non
514 1809 604 1872 datur
629 1808 686 1870 nisi
709 1815 832 1888 propter
854 1807 986 1870 officium
1017 1811 1173 1891 spirituale

200 1907 279 1986 (cap.
296 1904 335 1966 St
347 1903 414 1985 quis
439 1906 473 1975 l,
489 1920 520 1982 q.
536 1903 571 1970 33
593 1905 623 1960 et
644 1915 711 1977 cap.
733 1897 777 1958 Et
796 1893 953 1978 dalmati,
974 1897 1010 1961 de
1030 1898 1171 1982 Simon).

200 1997 280 2056 Hinc
293 1993 383 2054 etiam
398 2008 470 2052 cum
484 1986 705 2070 dispensatione
718 1987 749 2048 S.
764 1986 918 2049 Pontifiois
928 1989 1018 2050 vendi
1031 2008 1092 2051 non
1107 2011 1174 2072 pos·

201 2088 272 2146 sunt
286 2080 448 2154 beneficia3
465 2077 517 2141 sed
535 2077 614 2158 Papa
629 2083 730 2156 posset
746 2077 944 2156 separareJus
961 2076 1000 2139 ad
1023 2079 1171 2160 redditus,

201 2172 299 2250 ajure
313 2169 351 2231 ad
365 2185 465 2243 sacra,
492 2172 522 2227 et
539 2165 578 2226 ita
593 2163 805 2227 concederent
824 2163 992 2228 vendantur
1014 2167 1171 2244 redditus,

201 2271 348 2340 tanquam
361 2275 409 2319 res
423 2256 505 2317 mere
526 2255 725 2335 temporalem
740 2254 786 2316 vel
801 2259 836 2318 ut
848 2253 948 2335 aliqua
962 2257 1069 2336 pensio
1083 2277 1175 2340 super

203 2346 385 2412 beneficium
399 2346 592 2426 imponatur,
614 2343 781 2423 separando
793 2349 867 2406 tunc
886 2348 1004 2424 partem
1017 2344 1174 2410 fructuum

203 2436 282 2500 illius
295 2443 325 2500 et
338 2434 427 2498 alicui
440 2433 597 2525 tradendo.

242 2529 321 2591 Sunt
335 2524 431 2588 officia
445 2541 514 2605 quae
528 2540 627 2603 neque
642 2521 806 2602 spiritualia
821 2525 909 2596 sunt,
921 2537 1024 2603 neque
1035 2525 1175 2605 spiritua·
1274 2597 1275 2600 Ἴ

203 2618 283 2681 libus
297 2632 431 2685 annexa,
448 2631 516 2692 quae
529 2617 652 2693 propter
666 2611 835 2691 perieulum
857 2616 888 2672 et
906 2611 1041 2691 speciem
1062 2633 1174 2695 quam·
1274 2651 1275 2670 a

204 2709 273 2771 dom
288 2705 426 2768 simoniae
441 2705 537 2784 pretio
555 2701 684 2764 conferri
700 2707 860 2762 vetantur:
876 2700 977 2780 qualia
991 2707 1065 2763 sunt
1079 2706 1176 2770 officia
1274 2699 1275 2766 ζ

205 2794 372 2872 oeconomi,
387 2792 535 2864 sacristae,
551 2789 703 2861 advocati;
718 2796 748 2850 et
759 2789 815 2850 alia
825 2788 961 2868 eiusdem
974 2790 1097 2871 generis
1109 2815 1176 2878 que

205 2887 241 2950 ad
260 2882 471 2966 temporalium
495 2881 629 2942 ecclesiae
652 2897 756 2941 rerum
779 2877 1074 2943 administrationem
1092 2884 1176 2948 ordi-

207 2982 316 3037 nantur
330 2989 367 3033 ex
381 2988 447 3050 cap.
463 2967 498 3032 sa·
509 2969 574 3047 qais
588 2971 617 3041 t,
633 2973 662 3028 et
675 2985 743 3047 oap.
757 2965 912 3042 Salvator,
927 2985 958 3048 q.
971 2969 1002 3031 l.

244 3069 276 3125 2⁰
292 3061 353 3122 Etsi
368 3060 399 3119 in
414 3059 479 3118 aliis
493 3057 584 3117 rebus
598 3055 801 3136 spiritualibus
816 3063 922 3136 praeter
934 3054 1096 3134 beneficia,
1108 3079 1178 3142 per-

208 3150 334 3214 mutatio
351 3146 389 3208 sit
402 3145 564 3226 aliquando
583 3145 679 3219 licita,
698 3145 778 3206 unde
793 3145 861 3206 licet
874 3143 985 3220 dicere,
998 3163 1027 3209 v.
1039 3166 1071 3228 g.
1086 3166 1095 3210 t
1110 3149 1178 3232 Epo

207 3240 302 3301 dicam
314 3243 430 3298 missam
443 3254 498 3314 pro
512 3243 538 3295 te
552 3242 586 3294 at
596 3253 653 3316 pro
667 3253 712 3298 me
726 3232 806 3294 dicos
819 3240 859 3294 tot
871 3233 1002 3309 rosario3
1025 3242 1079 3297 aut
1088 3239 1130 3313 si,
1148 3239 1180 3302 in

209 3329 299 3389 relius
316 3323 462 3405 spirituali
480 3323 622 3398 annexis,
644 3322 808 3403 temporale
824 3323 862 3382 sit
883 3321 1099 3386 antecedenter
1116 3327 1180 3407 spi·

209 3416 307 3478 rituali
322 3432 487 3488 annexum,
504 3413 596 3493 possit
615 3412 779 3490 temporalo
794 3410 957 3492 permutari
971 3429 1043 3473 cum
1057 3419 1180 3497 tempo·

209 3506 275 3578 rati,
287 3523 315 3567 v.
344 3524 374 3585 g.
391 3503 466 3564 calix
479 3520 550 3563 eum
565 3500 668 3562 arcula
685 3501 897 3580 reliquiarum,
912 3499 944 3560 in
964 3499 1124 3565 benefieiis
1136 3510 1180 3565 ta-
1273 3577 1274 3582 γ

210 3612 281 3656 men
300 3593 367 3654 tatis
388 3592 579 3672 permutatio,
605 3590 671 3650 sine
697 3589 832 3670 legitima
852 3588 1028 3650 auctoritate
1048 3597 1179 3670 peracta,
1273 3591 1274 3598 ’

127 3705 128 3710 ’
211 3688 356 3760 tanquam
379 3680 544 3740 simoniaca
566 3686 611 3739 est
631 3678 718 3739 vetita
739 3682 816 3757 (cap.
841 3677 1065 3752 Quaesitum&
1083 3699 1181 3744 rerum

212 3771 372 3843 pennati:
387 3767 440 3828 sad
460 3766 525 3827 haec
538 3765 667 3826 simonia
681 3772 725 3826 est
736 3764 813 3838 juris
823 3764 939 3839 positivi
954 3765 1090 3832 tantum:
1107 3767 1180 3830 lacta
