2552 4204
332 373 334 378 ,
402 337 404 342 -
465 313 550 364 ttusn
571 313 708 362 runrms.
806 297 811 306 ’
1010 279 1085 351 ‘155'

123 443 136 481 ι
156 424 232 491 niam
248 426 335 500 facta,
353 443 390 491 eo
404 426 471 507 ipso
485 427 567 491 nulla
581 427 703 502 existal3
719 431 751 488 et
772 421 816 484 sic
829 419 925 483 electo
940 415 1024 479 nulla
1040 413 1071 475 in

123 531 136 571 r
154 515 354 594 spiritualibus
368 517 415 580 uel
429 515 647 600 temporalibus
660 514 807 577 tribuatur
821 508 958 573 facultas.
977 525 993 564 u
1010 505 1072 565 Nec

118 599 197 682 objici
211 605 289 668 salet
307 605 388 688 quod
412 606 545 668 Ecclesia
565 610 734 669 remaneret
755 601 821 664 sine
843 599 945 680 Capite
969 613 977 656 ι
1002 608 1071 655 nam

118 692 206 770 posito
224 713 326 758 errore
350 697 508 758 communi
531 713 603 758 cum
621 692 709 756 titulo
729 692 877 762 colorato,
902 687 928 749 si
951 681 1072 747 occulta

118 789 187 843 asset
198 783 335 860 simonia,
346 785 480 848 Ecclesia
495 784 649 866 suppleret
658 780 899 864 jurisdictionem
916 795 924 837 ε
944 770 1070 847 allude,
1174 783 1178 794 ‘

120 887 134 926 r
151 871 189 932 ait
202 873 233 935 S.
250 873 370 953 Liguor.
389 873 456 954 (it,
471 893 502 955 q.
518 873 564 956 l),
577 891 685 937 omnes
699 879 783 936 actus
797 862 970 948 hujusmodi
988 863 1072 923 Pou-

120 959 238 1024 rtificis'
260 962 338 1025 bene
362 971 454 1026 erunt
477 963 581 1040 validi,
610 971 639 1028 et
663 965 731 1046 ejus
754 959 946 1025 definitiones
973 951 1073 1052 adhuc
1102 1032 1106 1038 .

119 1067 132 1105 r
150 1048 332 1113 infallibilem
348 1051 503 1116 habebunt
521 1055 739 1130 auctoritatem,
758 1061 791 1116 ut
810 1049 980 1113 declaratur
997 1057 1068 1102 m...

119 1156 133 1196 r
151 1155 213 1220 cap.
227 1141 328 1215 Licet3
345 1142 433 1205 secius
446 1143 471 1204 si
485 1145 615 1210 simonia
628 1153 706 1210 esset
719 1145 850 1227 publica.
872 1162 889 1201 s

150 1229 268 1302 Quaerit.
283 1236 317 1296 9⁰
333 1235 379 1293 An
398 1239 427 1293 et
438 1233 488 1294 cui
502 1234 541 1296 sit
552 1236 771 1300 restituendum
787 1225 953 1297 simoniace
968 1237 1071 1301 accep·

116 1317 197 1380 iuml
208 1352 245 1370 -·
260 1318 336 1383 Vide
351 1323 579 1402 responsionem
590 1326 621 1388 in
634 1325 766 1390 Manuali
783 1324 897 1406 (6193).
1094 1311 1102 1332 ⁸

148 1409 215 1471 890.
237 1411 359 1483 Quaerit.
383 1409 433 1475 10·
447 1414 577 1484 Quinam
589 1416 704 1498 possint
717 1413 871 1478 absolvere
885 1411 931 1474 uel
944 1407 1070 1490 disper·

115 1509 174 1558 sare
188 1499 218 1562 in
228 1518 321 1580 supra
334 1499 422 1564 dictis
436 1503 533 1582 poenis
546 1503 563 1566 f

148 1587 235 1670 Resp.
258 1590 362 1662 Quoad
377 1592 723 1655 excommunicationem
743 1595 775 1654 ct
794 1587 1025 1669 suspensionem
1039 1582 1070 1642 in

113 1674 212 1740 ordine
225 1679 393 1743 simoniace
409 1685 545 1760 accepto,
562 1680 645 1742 solus
659 1682 690 1742 S.
706 1678 842 1742 Pontifex
858 1681 955 1757 potest
969 1669 1070 1734 absol-

111 1778 183 1843 vere,
195 1767 253 1829 nisi
264 1767 310 1829 hae
321 1785 457 1832 censurae
470 1769 530 1831 sint
541 1769 666 1832 occultas
675 1766 754 1852 (cap.
770 1765 873 1828 Liceat
886 1768 918 1842 6,
933 1779 1006 1826 sess.
1016 1763 1065 1828 at,

111 1851 196 1918 Conc.
210 1856 322 1940 End).
338 1858 398 1922 Sed
410 1877 447 1922 ex
460 1857 548 1922 dictis
561 1876 646 1938 susp.
657 1863 704 1922 est
716 1871 889 1939 suppressa.
956 1941 960 1945 ἡ
974 1939 989 1946 ἢ

122 1967 125 1988 “
151 1969 253 2042 Quoad
268 1969 341 2035 verb
360 1971 591 2053 suspensionem
610 1968 650 2032 ab
667 1969 826 2045 ordinibus
844 1969 902 2034 nst
915 1972 1080 2054 susceptis,

115 2060 343 2124 controvertitur
352 2078 391 2122 an
404 2059 485 2123 illam
498 2059 665 2144 Episcopus
675 2059 770 2142 possit
780 2059 896 2124 tollere.
907 2057 1078 2125 Salmantic.

116 2145 345 2226 probabiliorem
367 2147 480 2211 babent
493 2149 674 2212 sententiam
690 2155 862 2232 negantem.

150 2233 235 2300 (fir-ca
249 2237 470 2300 inhabilitatem
485 2237 524 2300 ad
541 2237 598 2300 alia
613 2239 760 2302 beneficia
781 2245 889 2321 praeter
906 2239 981 2302 illud
1001 2239 1083 2322 quod

116 2319 168 2386 luit
179 2323 347 2390 simoniace
370 2326 548 2402 obtentum,
573 2328 741 2409 Episcopus
768 2335 865 2409 polest
889 2327 1081 2410 dispensare,

115 2410 168 2474 uisi
191 2414 282 2478 fuerit
296 2415 426 2478 simonia
441 2415 678 2494 confidentialis,
695 2422 748 2480 aut
762 2417 819 2478 uisi
834 2417 1018 2480 simoniacus
1031 2437 1082 2479 ex-

115 2508 209 2580 pectet
229 2503 429 2579 sententiam,
452 2506 524 2588 quia
545 2513 619 2570 tunc
637 2511 681 2570 est
703 2505 876 2586 irregularis
898 2523 937 2568 ex
961 2505 1091 2580 infamia

112 2607 194 2669 purus.

150 2683 256 2756 Quoad
269 2689 372 2747 autem
387 2685 602 2748 inhabilitatem
614 2683 652 2747 ad
664 2684 746 2748 idem
756 2683 955 2762 beneficium,
967 2683 992 2748 si
1005 2684 1083 2748 istud

114 2766 200 2835 fuerit
213 2773 360 2856 simplex,
375 2775 572 2838 canonicatus
586 2791 713 2856 nempe,
728 2775 776 2838 vel
789 2775 880 2836 etiam
891 2775 1083 2854 Dignitascui

114 2875 173 2923 uon
186 2861 261 2925 insit
281 2879 356 2925 cura
370 2864 561 2940 animarum,
577 2871 606 2926 et
629 2863 720 2925 fuerit
742 2870 899 2945 acceptum
922 2881 975 2943 per
988 2863 1085 2927 simo·

114 2947 192 3014 uiam
207 2952 402 3036 ignoranter,
417 2952 529 3016 scilicet
544 2971 598 3034 per
620 2952 783 3014 simoniam
801 2954 818 3014 t
839 2951 926 3014 tertio
940 2951 1085 3016 commis-

114 3056 175 3102 sam
203 3041 273 3123 ipso
301 3041 467 3124 accipiente
489 3042 671 3123 ignorante,
696 3048 769 3104 tunc
796 3045 894 3122 potest
920 3040 1085 3124 Episcopus

112 3125 310 3212 dispensare,
326 3131 419 3193 etiam
438 3131 469 3192 in
490 3132 541 3193 illlt
559 3130 729 3207 vacatione,
745 3131 912 3194 dummodo
926 3129 1087 3194 beneficia·

113 3217 174 3282 rius
187 3219 301 3302 sponte
321 3219 484 3282 renuntiet.
511 3223 554 3282 lta
568 3220 763 3300 probabiliter
777 3239 848 3282 cum
863 3222 895 3282 S.
915 3219 1041 3282 Thumi.
1057 3221 1087 3283 Si

112 3312 214 3372 autem
229 3307 416 3372 beneficium
436 3309 473 3371 sit
486 3316 625 3371 curatum
645 3327 707 3370 non
729 3313 827 3389 potest
839 3309 1008 3391 Episcopus
1027 3309 1088 3371 dis-

113 3414 260 3477 pensare,
275 3397 367 3460 ctiam
390 3397 421 3462 in
442 3397 494 3460 illa
507 3396 590 3474 vice,
613 3396 667 3460 sed
689 3403 786 3478 potest
806 3397 839 3460 in
862 3397 920 3460 alib
933 3399 1089 3460 vacatione

112 3501 182 3550 cum
196 3487 371 3570 ignorante.
956 3526 959 3531 -
1089 3531 1098 3538 ,.

150 3575 182 3641 Si
207 3575 284 3638 verb
298 3575 367 3656 quis
389 3575 521 3640 scienter
541 3573 705 3637 simoniace
726 3575 874 3658 acceperit
887 3575 1088 3652 beneficium,

113 3661 174 3728 sire
188 3665 230 3728 sit
244 3665 393 3747 simplex,
408 3665 470 3728 sive
483 3673 638 3740 curatum,
653 3664 771 3727 etiamsi
785 3665 970 3728 simoniacus
984 3671 1089 3745 spontu

112 3753 287 3828 renuntiet,
313 3753 418 3835 nequit
442 3753 610 3836 Episcopus
627 3771 698 3816 cum
712 3772 750 3816 eo
769 3753 944 3835 dispensare
957 3753 996 3814 ad
1010 3751 1090 3821 idem

113 3840 322 3920 beneficium,
339 3861 438 3924 neque
453 3862 508 3924 pro
524 3843 592 3920 itta,
608 3861 709 3924 neque
724 3861 778 3924 pro
793 3844 851 3903 alib
862 3841 943 3913 vice,
959 3848 991 3901 ut
1004 3840 1092 3899 docet
