2604 4196
228 323 288 403 534
501 329 652 396 unapars
673 350 755 396 sunrs
776 323 924 395 cnuobrcv.

163 447 168 452 ‘
230 451 281 514 nbi
300 450 410 512 dicitur
426 468 435 511 ε
454 471 469 508 n
485 449 600 531 Religio
616 449 803 511 catholica...
818 449 911 510 libere
925 441 959 534 in
972 440 1067 510 Gallia
1080 465 1204 512 exerce·

235 562 251 594 o
270 539 370 602 bitur:
386 537 486 602 cultus
501 538 638 617 publicus
652 537 718 615 erit,
731 537 835 599 lubitci
849 546 946 598 tamen
960 536 1078 598 ratione
1088 536 1207 598 ordina·

235 651 250 687 n
272 630 393 698 tionum,
411 625 509 710 quoad
526 627 683 708 politiam,
703 646 775 708 quas
794 624 976 690 antemium
996 644 1055 708 pro
1080 624 1208 706 publicet

235 738 251 776 c
270 715 488 798 tranquillitate
509 716 683 777 necessarias
708 714 906 777 eaista'madit.
922 736 937 774 a
951 716 1039 776 -In
1053 714 1209 796 plerisque

233 805 333 868 Galliae
344 804 522 866 dioecesibus
536 802 750 866 conventiones
764 803 896 866 existunt
907 803 1073 884 Episcopos
1088 803 1169 863 iuter
1179 807 1210 864 et

234 893 391 956 Praefectos
409 892 510 974 quoad
525 910 615 955 usum
635 911 851 974 campanarum
869 912 877 953 ι
893 891 939 954 bis
952 891 1210 954 conventionibus

134 1006 138 1014 ·
233 982 355 1062 parochi
373 989 450 1044 stare
473 981 604 1058 debent3
628 981 680 1043 sed
707 981 831 1064 insuper
853 981 1013 1063 prudentia
1030 981 1125 1062 exigit
1144 999 1210 1042 non

234 1073 349 1132 tantbrn
364 1076 397 1133 ut
413 1068 587 1148 huiusmodi
605 1071 820 1133 conventiones
840 1076 893 1133 aut
906 1069 1142 1132 consuetudines
1157 1088 1210 1132 re·

233 1167 326 1240 ceptae
350 1158 564 1233 observentur,
591 1158 644 1220 sed
665 1160 755 1220 etiarn
777 1166 810 1221 ut
835 1161 910 1221 usu's
932 1176 1151 1242 campanarum
1177 1159 1211 1220 in

233 1265 305 1308 casu
329 1245 566 1308 extraordinario
589 1265 650 1309 non
671 1247 798 1310 omnino
818 1247 1031 1330 prohibeatur:
1052 1248 1089 1309 ed
1112 1247 1212 1329 magis

233 1335 1212 1422 quddabususcampauarum,seolusoscandaloautcoutarnptu,

168 1477 173 1484 .
236 1423 432 1486 videturesse
446 1425 564 1486 tantbm
577 1425 712 1488 venialis.

273 1515 315 1574 De
342 1511 523 1594 quibusdam
548 1512 614 1576 aliis
647 1514 909 1578 benedictionibus
942 1513 1010 1577 vide
1040 1514 1212 1593 Manuale,

234 1605 369 1678 η·4494,
385 1608 443 1664 etc.

273 1690 348 1752 Vide
364 1689 419 1768 it,
434 1699 468 1753 n·
480 1694 577 1769 4498,
593 1697 665 1768 etc,
680 1692 725 1756 Ile
737 1693 900 1776 Saffrapiis
913 1699 943 1757 et
957 1692 1174 1777 indulgentiis.

594 1993 743 2062 CAPUT
767 1993 831 2064 IV.

484 2155 530 2202 DE
557 2155 952 2208 CONFRATERNITATIBUS.

271 2326 341 2388 708.
365 2321 629 2385 confraternitates
643 2329 715 2384 sunt
733 2323 870 2406 fideliam
894 2325 967 2406 (non
990 2327 1063 2404 verb
1084 2329 1213 2412 religio-
1287 2325 1288 2333 '

232 2411 355 2495 sorum)
371 2411 610 2493 congregationes
622 2412 663 2472 ad
675 2413 832 2474 exercenda
841 2416 896 2496 piu
910 2435 1016 2497 opera,
1030 2422 1213 2484 auctoritate
1286 2451 1287 2457 ¹

232 2500 425 2564 ecclesiastica
439 2500 595 2563 a‘natitutoe.
771 2555 790 2585 x

271 2589 424 2671 Originem
446 2589 563 2651 ducunt
583 2591 600 2650 b
622 2590 812 2670 regularibus
828 2591 990 2658 Ordinibus
1003 2595 1116 2677 quibus
1130 2617 1210 2661 con-

232 2697 350 2740 cessum
366 2677 421 2740 fuit
436 2677 580 2739 laicorum
595 2679 847 2758 congregationes
861 2682 991 2763 erigere,
1007 2685 1112 2766 eisque
1127 2705 1210 2750 conr-

231 2767 386 2830 manicare
400 2766 497 2827 varias
512 2766 620 2846 gratias
635 2767 814 2848 spirituales.

270 2857 435 2938 Eriguntur
448 2855 710 2918 confraternitates
724 2857 769 2918 vel
784 2857 821 2918 ab
835 2859 1001 2923 ordinariis
1013 2862 1058 2923 vel
1073 2865 1090 2924 a
1105 2866 1206 2948 Supe-

232 2945 360 3007 rioribus
372 2943 520 3006 Ordinum
534 2944 644 3025 quibus
659 2944 716 3006 boc
728 2947 903 3010 conceditur
917 2969 924 3010 :
940 2949 1207 3018 confraternitates

230 3034 268 3093 ab
281 3033 446 3094 ordinariis
460 3039 588 3107 erectae,
603 3033 699 3094 solent
716 3037 871 3116 aggregari
886 3037 975 3100 alicui
989 3040 1208 3110 Arabiconfra-

231 3121 371 3192 ternitati‚
388 3125 423 3184 ut
436 3120 517 3184 illius
531 3119 725 3202 indulgentiis
738 3141 774 3184 ac
789 3124 854 3186 aliis
876 3127 978 3206 gratiis
1000 3129 1211 3210 spiritualibus

230 3209 420 3290 participent.

650 3377 735 3442 ΛΒΤ.
759 3383 781 3442 Ι.

247 3515 283 3560 oa
306 3513 383 3562 nono
404 3514 591 3563 rnsnrorvvor
613 3517 651 3562 ur
672 3518 860 3568 omanorum
880 3522 1181 3584 coarmrannrrms
1277 3517 1278 3575 l

227 3646 1201 3795 hroa.clepensvltlinsuaconstit.oaoeoamque,roccatur,

250 3752 294 3796 aec
310 3745 354 3796 sta
369 3754 399 3796 ur
429 3753 437 3795 τ

269 3843 285 3880 a
305 3827 374 3886 1⁰...
387 3820 477 3896 Oudd
489 3820 578 3886 unica
591 3823 709 3886 tautirm
721 3826 954 3896 confraternitas
966 3837 1102 3914 ejusdem
1114 3863 1200 3914 gena
1272 3863 1275 3950 p
