2618 4212
584 229 731 296 arqnnmx
1058 211 1143 278 idib

152 345 327 430 praepositae
348 344 399 408 die
426 344 663 427 decimaquarta
693 345 876 410 Decembris
894 346 972 410 1890
987 349 1141 411 omnibus

152 435 265 497 seduio
291 433 525 514 diligenterque
560 435 739 516 perpensis,
765 435 832 498 haec
858 455 930 518 quae
959 447 1139 518 sequuntur

152 524 265 598 votuit,
286 523 562 604 constituitatque
574 522 726 588 decrevit.
928 574 930 578 .
1148 566 1154 574 -

189 611 213 672 l.
230 611 386 674 Sanctitas
401 611 464 674 Sua
487 613 599 691 irritat,
615 611 759 694 abrogat,
784 621 815 676 et
837 612 959 676 nullius
977 614 1009 676 in
1032 623 1139 696 poste·

150 719 223 763 rum
238 699 360 763 roboris
376 700 514 762 declarat
539 717 758 784 quascumque
778 700 1004 784 dispositiones
1019 705 1142 767 Consti·

150 792 323 870 curionum,
342 791 466 871 piarum
495 789 699 865 Societatum,
729 790 948 854 institutorum
967 793 1159 856 mulierum't

150 881 216 942 sive
229 889 374 943 votorum
390 877 587 960 simplicium
603 879 668 942 sive
683 880 888 954 solemnium,
920 899 980 943 nec
1005 901 1066 946 non
1088 884 1137 944 vi·

148 987 256 1032 rorum
279 969 464 1032 omnimode
494 967 660 1043 laicorum,
686 968 745 1031 etsi
775 969 868 1031 dictae
890 969 1140 1034 constitutiones

149 1059 414 1139 approbationem
440 1056 480 1118 ab
506 1057 686 1137 Apostolica
701 1056 782 1120 Sede
796 1058 962 1120 retulerint
987 1060 1139 1124 informa

147 1167 365 1230 quacumque,
391 1148 487 1209 etiam
517 1164 613 1227 quam
639 1147 728 1208 aiunt
745 1147 1018 1228 specialissimam,
1040 1151 1071 1211 in
1102 1169 1139 1213 eo

149 1238 282 1314 scilicet,
298 1237 382 1318 quod
398 1237 501 1312 cordis
516 1242 546 1297 et
565 1237 765 1298 consolentiae
787 1237 935 1300 intimam
955 1239 1138 1302 manifesta·

149 1329 270 1391 tionem
295 1325 519 1407 quovismodo
546 1343 582 1386 ac
611 1327 741 1388 nomine
764 1327 949 1409 respiciunt.
978 1327 1021 1390 lta
1045 1348 1139 1411 prop·

150 1427 235 1479 terea
259 1417 340 1478 serio
372 1415 510 1495 injungit
534 1413 782 1478 Moderatoribus
810 1434 846 1478 ae
875 1417 1139 1481 Moderatricibus

148 1503 334 1587 hujusmodi
344 1507 573 1576 institutorum
589 1503 875 1584 Congregationum
888 1523 924 1566 ac
942 1505 1137 1570 Societatum

150 1605 184 1657 ut
199 1613 236 1656 ex
253 1593 391 1676 propriis
420 1592 717 1665 Constitutionibus‚
746 1592 925 1655 Directoriis
956 1612 992 1656 ac
1009 1597 1138 1657 Manua-

150 1685 236 1746 iibus
250 1681 384 1763 praeiatae-
395 1680 755 1761 dispositionesomniuo
766 1681 935 1742 deleantur
946 1683 1137 1764 penitusque

148 1781 385 1853 expungantur.
400 1771 505 1832 Irritat
521 1771 637 1850 pariter
655 1789 692 1832 ac
717 1769 800 1832 delet
815 1771 973 1850 quoslibet
988 1790 1024 1834 ea
1049 1773 1087 1834 de
1103 1791 1136 1836 re

150 1881 227 1924 usus
242 1869 273 1922 et
287 1858 533 1922 eonsuetudines
545 1860 641 1920 etiarn
657 1857 937 1921 immemorabiies.

190 1950 226 2011 il.
241 1948 385 2010 Districte
405 1948 534 2028 insuper·
550 1947 698 2029 prohibet
714 1949 895 2010 memoratis
908 1949 1136 2028 Superioribus

150 2059 188 2102 ac
201 2037 435 2120 Superiorissis‚
452 2036 682 2118 cujuscumque
697 2037 817 2118 gradus
844 2047 874 2100 et
890 2039 1136 2119 praeeminentiae

150 2131 226 2204 sint,
264 2145 303 2188 ne
328 2143 481 2208 personas
520 2124 577 2188 sibi
604 2125 747 2188 subditas
775 2124 926 2188 inducere
956 2135 1136 2208 pertentent

149 2219 270 2280 directe
282 2225 335 2278 aut
349 2216 512 2290 indirecte,
528 2225 696 2296 praeoepto,
713 2215 856 2295 consilio,
874 2216 998 2290 timore,
1027 2219 1134 2298 minis²

151 2316 205 2369 aut
220 2304 385 2367 blanditiis
409 2304 448 2367 ad
465 2304 650 2386 hujusmodi
667 2303 952 2368 manifestationem
969 2308 1134 2370 conscien-

151 2397 203 2458 tiae
224 2394 284 2456 sibi
299 2394 511 2475 peragendam
528 2413 537 2466 ;
554 2393 752 2473 subditisque
767 2413 783 2456 e
798 2412 951 2480 converso
980 2395 1132 2476 praecipit,

153 2496 188 2547 ut
213 2482 435 2564 Superioribus
461 2482 635 2560 maj0ribus
661 2481 855 2544 denuncient
870 2480 1057 2562 Superiores
1076 2485 1135 2545 rni-

152 2591 257 2646 nores‚
286 2571 341 2652 qui
354 2588 406 2632 eos
421 2568 460 2632 ad
475 2569 507 2632 id
522 2569 672 2633 inducere
687 2570 827 2632 audeaut
839 2587 847 2646 ;
860 2579 891 2632 et
912 2571 937 2630 si
960 2580 1071 2650 agatur
1095 2571 1134 2634 de

152 2663 347 2725 Moderatum
372 2660 421 2722 vel
448 2659 652 2722 Moderatrice
667 2659 822 2738 Generaii,
839 2659 1042 2722 denunciatio
1058 2661 1132 2724 huie

152 2751 182 2814 S.
206 2749 446 2830 Congregationi
462 2749 502 2810 ab
515 2749 554 2812 iis
568 2749 636 2812 fieri
649 2748 772 2811 debeat.

192 2839 243 2902 ΙΙΙ.
284 2838 349 2901 Hoc
377 2847 482 2900 autem
505 2839 636 2900 minime
662 2837 795 2919 impedit
816 2838 988 2918 quominus
1007 2838 1128 2900 subdit·

152 2930 250 2993 iibere
287 2946 323 2990 ac
349 2928 432 2990 ultro
469 2927 591 3008 aperire
621 2946 714 2990 suurn
741 2927 885 2988 animum
909 2925 1130 3008 Superioribus

151 3018 277 3080 valeant
292 3015 331 3078 ad
346 3015 492 3078 effectum
508 3017 546 3078 ab
562 3015 690 3078 iliorum
709 3015 876 3096 prudentia
903 3017 936 3076 in
963 3014 1070 3077 dubiis
1094 3035 1131 3078 ac

151 3105 363 3170 anxietatibus
376 3104 542 3167 consilium
559 3113 589 3166 et
605 3103 811 3166 directionem
826 3103 991 3166 obtinendi
1001 3122 1058 3184 pro
1070 3103 1131 3166 vir·

152 3204 256 3258 tutum
272 3194 480 3274 acquisitione
495 3192 931 3274 acperieetionisprogressu.

194 3283 242 3346 tv.
258 3283 419 3355 Praeterea,
436 3283 528 3344 firmo
544 3291 726 3344 remanente
736 3282 840 3362 quoad
856 3279 1069 3343 Confessarios
1082 3299 1131 3342 or·

152 3373 291 3436 dinarios
299 3380 330 3434 et
338 3369 879 3434 extraordinariosGommunitatum
892 3371 977 3450 quod
994 3369 1132 3433 aSacro·

120 3489 123 3493 ·
154 3472 263 3526 sancto
278 3460 419 3523 Gorrcitio
432 3460 615 3522 Tridentino
631 3459 842 3540 praescribitur
858 3461 889 3522 in
910 3458 987 3524 Sese.
1003 3459 1043 3520 ib
1058 3461 1130 3540 Cap.

156 3555 192 3616 10
205 3552 357 3633 deitequt.
377 3560 404 3613 ct
418 3571 436 3611 a
452 3549 483 3613 S.
507 3550 553 3613 M.
565 3549 721 3612 Benedicti
734 3549 810 3612 XIV
823 3550 971 3612 statuitur
987 3551 1018 3610 in
1036 3537 1150 3624 Cous-ff

155 3641 301 3706 titutione
314 3659 384 3722 quae
399 3641 508 3720 incipit
521 3639 688 3702 Posterolr‘s
702 3657 794 3719 corte,
804 3638 959 3702 Sanctitas
972 3639 1033 3702 Sua
1049 3638 1133 3700 Prae·

155 3732 239 3798 sules
256 3729 505 3811 Superiorcsque
520 3730 720 3792 adnronctne
742 3729 1027 3792 extraordinarium
1039 3728 1132 3791 dene·
