2590 4208
213 308 251 366 m
460 321 716 367 anennurntums
736 321 882 371 osuomos.

224 431 291 491 imo
305 432 479 494 necessaria
492 441 538 494 est
553 429 724 511 superioris
737 431 863 495 licentia
878 442 913 496 ut
932 439 1089 518 regularis
1102 445 1155 510 ell-

184 526 275 592 gatur
298 519 330 580 in
352 519 543 601 Episcopum
567 527 622 582 aut
637 518 854 600 Cardinaiem3
879 542 942 588 non
967 547 1043 594 vero
1067 542 1101 596 ut
1125 536 1155 600 in

184 605 350 670 Summum
367 608 546 671 Pontificem
563 609 705 688 eligatur.

223 697 334 758 Factus
348 705 454 759 autem
468 691 644 778 Episcopus
659 704 714 759 aut
727 697 918 777 cardinatis,
936 723 1000 769 non
1017 707 1089 775 ideo
1105 730 1155 774 rc-

185 784 301 860 gularis
315 783 430 847 desinit
444 786 711 866 esso'rettgiosus3
739 787 792 850 sed
812 805 849 850 ex
870 788 1000 858 Constit.
1019 797 1157 864 Custodes

186 873 342 936 Benedicti
362 872 447 948 Xiii,
471 875 651 954 praecipitur
669 876 746 955 ipss,
769 877 800 937 in
817 879 931 943 virtute
945 893 1062 950 sanctas
1079 888 1158 954 obe·

186 961 321 1030 dientiae,
339 969 371 1024 ut
386 961 590 1043 singuiissuae
600 963 717 1044 regula
730 961 842 1028 officiis
853 975 883 1029 et
895 969 1157 1052 obligationibus,

188 1069 257 1132 quae
278 1051 487 1131 Episcopatus
501 1059 555 1112 aut
579 1050 798 1114 cardinalatus
812 1054 954 1123 oflicium
974 1081 1037 1126 non
1053 1065 1158 1148 impe-

188 1140 291 1215 diunt,
310 1138 486 1201 satislaoiat.
504 1138 612 1213 Quoad
635 1139 848 1206 ooedientiam
874 1155 1064 1215 tamennon
1091 1173 1160 1217 am-

189 1229 274 1310 plius
301 1244 359 1290 suo
389 1227 519 1290 Praelato
547 1228 600 1288 scd
628 1236 759 1292 summo
787 1234 927 1298 Pontifici
954 1238 1083 1318 subest;
1116 1252 1159 1316 et,

189 1313 294 1397 quoad
310 1324 542 1396 paupertatem,
559 1316 713 1396 nonsibi,
731 1337 789 1382 nee
806 1329 1011 1403 monasterio,
1026 1329 1082 1394 sed
1097 1349 1163 1396 suae

191 1423 307 1468 mensas
326 1423 381 1466 sau
406 1404 550 1466 Ecclesiae
574 1407 731 1486 acquirit,
755 1409 1047 1480 hanbonsoaeterum
1068 1438 1162 1484 usum

191 1492 414 1573 temporalium
437 1495 543 1554 minus
561 1495 737 1558 restrictum
753 1497 795 1560 ob
810 1518 874 1564 suaa
892 1503 1055 1584 dignitatis
1076 1509 1163 1571 indi·

111 1593 113 1601 *
192 1583 323 1664 gentius.
344 1581 411 1644 imo
425 1590 494 1662 post
518 1584 747 1664 promotionem
760 1587 812 1668 jus
827 1601 991 1674 recuperet
1006 1596 1046 1658 ad
1062 1597 1166 1662 haere·

192 1671 305 1736 ditatas
324 1669 467 1734 nondum
491 1670 583 1735 tertio
606 1673 786 1753 acquisitas.
802 1711 842 1724 —
856 1679 963 1754 Quoad
979 1702 1055 1748 vero
1070 1686 1167 1749 habi·

194 1769 274 1835 tum,
299 1768 419 1822 retento
438 1779 502 1823 suae
517 1762 677 1840 religionis
691 1763 806 1840 colore,
823 1777 925 1848 potest
939 1770 1048 1836 formae
1063 1793 1167 1839 saecu·

194 1849 309 1914 larium
322 1849 524 1912 Praelatorum
540 1869 573 1913 se
588 1853 835 1920 accommodare.

235 1937 367 2014 Quando
393 1936 539 2016 Episcopi
564 1939 721 2013 regulares
742 1961 814 2006 cum
839 1944 965 2012 licentia
986 1950 1080 2034 Papae
1104 1973 1169 2018 suae

197 2027 343 2108 dignitati
358 2026 552 2100 renuntiant,
567 2025 614 2088 vel
629 2027 844 2110 deponuntur,
858 2035 896 2098 ad
912 2037 1048 2102 claustra
1066 2041 1170 2106 redire
1284 2051 1285 2080 r

199 2124 346 2180 tenentur
361 2114 420 2176 sub
436 2130 528 2194 poeua
543 2114 726 2195 privationis
742 2139 817 2185 usus
832 2123 1081 2206 Pontifieaiium;
1099 2133 1171 2194 etsi

198 2213 285 2268 extra
302 2223 356 2285 per
380 2221 499 2266 annum
521 2209 747 2272 contumaciter
761 2215 946 2291 manserint,
969 2219 1037 2300 ipso
1054 2219 1171 2286 iactos

198 2293 312 2357 divinis
343 2293 600 2374 suspenduntur,
631 2297 720 2376 juxta
748 2299 865 2365 dictam
889 2307 994 2377 Cenat,
1032 2309 1172 2374 Custodes

201 2380 364 2468 (Manuale,
380 2393 453 2459 eto,
469 2382 513 2446 nis
531 2386 728 2470 aust-2891).

586 2562 730 2616 eunctutt
755 2562 783 2616 ΙΙ.

297 2710 328 2750 Il!
344 2710 402 2749 tunt:
419 2707 573 2747 aucmentum
590 2705 668 2753 EUOAD
684 2706 753 2748 sacal
770 2707 901 2750 tttlttstssntt
923 2711 1079 2758 BXEREH'IUH·

241 2817 329 2882 1005.
354 2816 432 2879 Cum
449 2815 663 2878 aiansenistis
679 2817 711 2877 in
728 2814 854 2896 Synodo
868 2818 1049 2888 Pistoriensi
1065 2825 1171 2914 (prop.

200 2908 251 2990 80)
268 2918 437 2970 renovatus
454 2905 549 2968 luerit
563 2923 651 2968 error
665 2905 825 2968 Guilleimi
840 2925 857 2968 a
874 2907 906 2972 S.
926 2911 1053 2990 Amore,
1067 2927 1173 2983 uotum

201 2995 365 3079 reputarem
387 3003 496 3055 notura
522 3013 573 3055 sou
588 2995 720 3076 componi
742 3014 800 3056 non
819 3015 900 3078 posse
917 3020 984 3064 oum
1000 3007 1172 3073 animorum

201 3105 272 3150 curo
289 3103 411 3166 cumque
424 3085 492 3146 uitoe
503 3086 664 3164 postorales
676 3083 855 3164 muneribus,
871 3107 923 3152 aee
936 3091 999 3155 ideo
1013 3094 1048 3156 s'o
1059 3109 1174 3180 purtem

201 3177 299 3239 uenire
312 3193 393 3254 posse
402 3174 603 3238 ecclesiastico
616 3173 801 3248 lierurclu'oe,
811 3193 881 3256 pecto
895 3199 932 3240 ex
941 3181 1174 3272 aduersopupnet

201 3285 267 3327 cum
282 3265 434 3344 ipsiusmet
447 3265 515 3327 aitte
533 3265 702 3327 monastico
711 3265 891 3348 princepiis3
905 3269 977 3333 Pius
992 3272 1053 3352 Vl,
1070 3277 1104 3340 in
1119 3298 1173 3342 sua

203 3353 330 3417 Constit.
362 3355 518 3415 Auctorem
532 3352 624 3434 fidei,
645 3353 729 3415 liano
743 3357 991 3438 propositionem
1011 3364 1174 3432 damnavit

203 3452 238 3505 ut
249 3441 370 3522 salsum,
384 3443 592 3522 perm'er'osum,
609 3441 642 3504 s'n
655 3443 851 3506 sanctissimos
872 3445 1012 3513 Ecclesiae
1026 3452 1135 3520 Patres
1149 3469 1174 3522 et

203 3531 368 3605 Proesules,
384 3531 439 3610 qut
461 3529 608 3612 reputaris
621 3531 694 3594 vito
719 3533 857 3596 instituto
876 3556 942 3598 oum
956 3539 1108 3608 clericatis
1128 3567 1173 3610 or·

203 3619 282 3682 dt'ns‘s
297 3619 465 3680 muneribus
478 3621 692 3694 consociorum,
708 3620 897 3704 injuriosom,
911 3629 974 3708 pio,
988 3632 1116 3712 prototo
1129 3657 1173 3702 tte·

204 3715 280 3773 tusto
296 3708 440 3771 Ecclesiee
459 3709 549 3780 mori,
565 3707 815 3792 summorumque¹
826 3714 999 3797 Pontificum
1013 3727 1174 3790 sanctioni·

204 3793 256 3860 lus
269 3798 460 3858 contrarium.
478 3795 717 3860 UndeClemens
733 3798 810 3876 viti,
826 3821 880 3865 sua
896 3803 998 3870 Corrst.
1017 3809 1169 3883 Senarus.
