2618 4212
184 307 242 370 ret
460 321 615 370 acaunum
635 319 716 371 runis
734 311 885 368 canoucr.

638 509 711 556 mli

222 627 253 692 Si
268 627 432 708 contingat
445 625 532 708 quod
546 623 694 701 clericus,
716 641 782 687 non
799 621 948 688 obstante
963 621 1023 687 tort
1039 623 1171 706 privile·

182 719 247 801 gio,
259 717 301 780 ob
315 717 449 780 crimina
464 713 646 778 communia
662 711 849 794 subjiciatur
866 713 1031 794 processui
1042 723 1076 776 et
1086 714 1171 794 iudi·

181 807 233 871 cio
244 805 336 868 laicae
348 803 520 887 potestatis,
536 800 732 876 Ordinarius,
749 801 848 864 hocin
860 819 946 882 casu,
959 803 1172 866 summarium

184 897 279 958 sumit
300 893 463 958 criminosi
478 890 551 956 iacti
572 890 799 971 cognitionem,
816 899 912 973 atque
934 891 1106 974 perpendit
1130 911 1172 956 an

185 985 303 1068 ipsum,
329 982 367 1045 ad
390 981 504 1044 tradita
520 997 575 1062 per
589 995 693 1044 sacros
712 995 863 1056 canones,
885 979 993 1043 locum
1011 981 1108 1045 iaciat
1123 981 1172 1044 in·

185 1073 298 1149 iamim,
314 1071 547 1154 irregularitati,
561 1076 616 1132 aut
630 1067 683 1131 aiii
702 1066 923 1132 ecclesiastice
937 1069 1115 1134 sanctioni..

223 1163 239 1245 ς
258 1163 285 1226 i.
303 1162 408 1224 tionec
418 1158 578 1244 judicium
593 1159 740 1239 pendeat,
768 1167 823 1221 aut
838 1167 1004 1221 accusatus
1020 1157 1172 1224 detentus

183 1252 236 1329 sit,
259 1251 400 1334 prudens
413 1257 461 1312 est
475 1247 562 1330 quod
576 1245 762 1312 Ordinarius
784 1263 853 1311 sese
866 1245 982 1310 limitet
1007 1247 1048 1311 ad
1066 1247 1172 1312 media

184 1341 370 1424 provisoria.

224 1433 282 1508 tt.
298 1425 431 1509 Expleto
443 1431 549 1488 tamen
560 1422 694 1506 jndicio,
710 1431 740 1485 et
756 1422 858 1488 libero
869 1421 991 1488 reddito
1007 1435 1170 1508 accusato,

182 1519 278 1584 (iuria
289 1517 377 1601 juxta
386 1514 506 1580 exitum
520 1511 783 1575 informationum
795 1530 853 1576 ceu
866 1513 1012 1595 superius
1025 1531 1172 1599 assnmp

186 1619 299 1683 tarum,
330 1602 471 1687 procedit
489 1602 529 1666 ad
556 1601 697 1664 tramites
725 1601 971 1684 dispositionum
1005 1606 1173 1686 praesentis

182 1693 410 1762 instructionis.

645 1813 715 1862 xttv

218 1923 259 1991 'ln
273 1925 399 1992 casibus
419 1923 536 2002 dubiis,
562 1923 646 1986 etin
675 1924 770 1988 variis
798 1923 946 2004 practicis
971 1922 1171 1988 difficultati·

182 2019 256 2096 trus,
269 2034 340 2099 quae
355 2014 534 2094 contingere
549 2017 683 2095 possint,
705 2013 881 2079 Ordinariis
892 2011 1062 2076 consuiant
1087 2013 1172 2076 hanc

186 2108 216 2170 S.
234 2106 419 2185 Congreget-
437 2103 476 2166 ad
492 2103 635 2168 vitandas
647 2103 868 2170 contentiones
884 2111 916 2164 et
929 2101 1110 2168 nullitates.

228 2219 242 2255 a
257 2195 303 2256 Ex
317 2193 395 2256 and.
413 2191 465 2255 8¹²³
479 2193 541 2255 diei
556 2193 589 2256 it
610 2193 697 2259 Junii
712 2190 800 2258 i880.

227 2308 241 2340 ι
257 2282 326 2347 SS¹¹⁸
339 2281 491 2344 Dominus
505 2279 615 2345 Noster
628 2283 688 2348 Leo
703 2285 768 2346 div.
786 2299 875 2363 pror.
906 2279 967 2343 PP.
1001 2279 1085 2354 tht,
1109 2297 1169 2344 au-

186 2370 409 2436 ditarelatione
422 2370 583 2452 praesentis
593 2371 816 2435 Instructionis
827 2369 867 2433 ab
881 2368 1086 2452 inirascripto
1099 2367 1170 2432 Sao.

181 2460 337 2544 Congreg.
360 2459 544 2542 Episcopor.
562 2466 593 2522 et
604 2459 809 2541 Regularium
825 2458 1006 2538 secretario,
1037 2475 1109 2520 eam
1138 2457 1172 2520 in

181 2549 335 2614 omnibus
350 2548 527 2631 approbare
541 2557 572 2612 et
590 2550 781 2614 confirmare
809 2547 958 2628 dignatus
977 2555 1036 2610 est.
1063 2547 1174 2612 Rome

180 2639 237 2702 die
247 2645 279 2702 et
291 2655 377 2704 anno
389 2637 508 2720 quibus
522 2655 631 2721 cupre.

567 2766 583 2802 ι
603 2747 625 2806 t.
641 2743 727 2808 card.
751 2743 906 2819 tenerem,
926 2742 1022 2824 Proef.

571 2858 582 2888 ι
608 2837 628 2892 t.
653 2832 686 2895 B.
710 2832 842 2896 tcnozzr
860 2829 1070 2896 secretarius.

222 2948 249 3010 i.
263 2947 427 3012 Dncnnrmr
448 2963 505 3011 rno
527 2965 630 3012 censis
650 2963 872 3014 cntururnmos.
893 2946 963 3010 Nou
979 2947 1022 3008 ita
1044 2945 1172 3026 pridem
1296 3001 1297 3026 g

182 3057 205 3102 a
220 3037 252 3102 S.
269 3037 520 3117 Congregatione
534 3035 670 3118 negotiis
684 3045 715 3100 et
731 3035 1020 3100 consultationibus
1037 3035 1177 3118 Episco·
1296 3033 1297 3074 i

187 3145 305 3211 ¹porum
340 3134 371 3188 et
400 3124 607 3206 Regularinm
648 3125 821 3207 proepositae
851 3124 1018 3188 nonnniiae
1058 3123 1179 3206 reguloe
1296 3123 1297 3210 i

193 3214 385 3298 praescriptae
397 3212 590 3297 ineruntpro
600 3223 685 3277 recta
705 3223 736 3277 et
750 3213 894 3294 expedita
907 3211 1095 3276 delinitione
1109 3231 1182 3276 cau·
1296 3211 1297 3214 ’

188 3322 297 3367 sarum
338 3301 570 3374 criminalium,
586 3319 697 3385 quma
724 3300 827 3367 Curiis
851 3301 1096 3385 Episcoporum,
1128 3301 1180 3366 rel

180 3391 385 3456 ordinarium
414 3391 454 3454 ad
477 3392 622 3456 eamdem
648 3390 681 3455 S.
709 3389 994 3474 congregationem
1020 3390 1053 3454 in
1075 3390 1181 3474 gradu

182 3479 412 3564 appellationis
426 3481 626 3545 deferuntur.
643 3481 725 3556 Quas
750 3480 882 3562 quidem
907 3481 1179 3563 proscriptiones,
1296 3477 1297 3552 i

187 3569 340 3653 qnoniam
365 3571 594 3650 impedimenta
623 3571 748 3634 sublata
782 3577 873 3646 snut,
902 3587 975 3652 quae
1001 3569 1111 3650 eliqua
1142 3586 1183 3632 ex

185 3665 279 3737 parte
304 3674 414 3720 aarum
439 3660 620 3722 executioni
650 3659 835 3744 interposita
863 3656 999 3734 fuerent,
1016 3658 1183 3722 risnmest
1296 3701 1297 3722 t

185 3745 456 3809 Eminentissimis
471 3745 617 3810 Patribus
628 3749 661 3811 in
674 3745 841 3812 Conventn
852 3747 962 3812 habito
977 3745 1032 3810 XV
1046 3745 1182 3809 kalend.
