2552 4204
380 272 382 277 ·
475 265 560 310 mem
581 263 713 312 rearms.
787 280 788 284 ¹
1018 257 1080 315 *oet

108 366 372 429 excommunicatio
401 368 462 427 tutu
483 385 541 427 non
568 373 684 441 teneot3
714 365 794 427 idem
823 366 932 428 dicitur
959 365 989 428 in
1016 385 1080 448 cap.

110 453 207 520 conse.
225 459 256 528 o,
272 455 369 531 eiusri.
387 456 475 528 tituli,
494 455 524 515 in
541 457 584 516 6⁰.

146 542 275 606 Monitio
285 552 385 603 tamen
397 543 560 604 distinctae
571 542 637 624 lege
647 543 692 604 vel
702 544 845 606 munrlato
853 560 915 603 non
924 541 1085 622 requiritur

108 629 233 711 quando
247 649 374 692 censura
390 637 434 692 est
447 631 515 693 tutte
526 631 689 706 sententie,
706 639 739 694 ut
755 635 920 694 constater
936 631 1003 691 eod.
1018 649 1083 711 cap.

109 719 372 800 &prehensibilis
389 719 563 782 ubidicitur
579 739 587 780 :
609 719 695 782 «Nisi
710 721 777 782 talis
790 721 825 781 sit
840 719 928 800 eulpa
942 737 1010 798 quae
1022 719 1086 799 ipso

112 829 128 867 c
149 826 206 870 suo
219 826 332 888 genere
344 807 562 888 suspensionis,
579 815 652 884 etc„
668 807 965 888 poenaminducatn.

150 895 210 957 Sed
224 897 248 956 si
264 898 439 957 consumsit
453 897 571 958 tantirm
583 897 793 959 comminutae
808 897 874 976 lege
886 895 1087 976 requiriturno

110 992 183 1046 tuno
197 983 325 1044 monitio
338 984 500 1046 distincta?

148 1075 241 1154 Resp.
258 1073 288 1134 Si
304 1091 430 1134 censura
446 1072 558 1136 teratur
572 1074 765 1156 posmodum
782 1093 870 1136 merce
886 1092 981 1155 poenoe
993 1073 1088 1136 uincti·

109 1162 225 1235 euticeo,
239 1169 306 1241 post
318 1161 515 1224 commissum
530 1163 686 1237 delictum,
702 1163 869 1226 necessaria
885 1171 1003 1225 nonest
1017 1172 1086 1226 tunc

110 1250 257 1323 monitio,
275 1249 346 1330 quia
361 1250 534 1326 hujusmodi
552 1271 650 1332 poenae
669 1270 732 1314 non
749 1258 821 1314 sunt
834 1251 1047 1325 medicinales3
1062 1255 1084 1313 si

108 1339 182 1401 verit
194 1357 324 1400 censura
343 1337 465 1399 terenda
481 1339 517 1400 sit
535 1346 679 1422 tanquam
692 1361 777 1422 poena
792 1340 993 1415 medicinalis,
1015 1347 1087 1402 tuno

109 1426 134 1488 si
148 1427 189 1488 sit
200 1427 385 1488 comminata
399 1427 436 1487 ab
451 1427 586 1500 homine,
603 1435 719 1491 certum
731 1434 777 1490 est
790 1447 851 1490 non
870 1429 983 1508 requiri
997 1429 1084 1490 aliam

109 1515 324 1587 monitionem,
341 1515 410 1594 quie
433 1533 486 1596 per
501 1515 574 1578 iliud
592 1525 776 1598 praeoeptum
796 1519 858 1596 jam
877 1517 1003 1578 habetur
1025 1537 1087 1578 mo-

110 1605 197 1666 nitio.
213 1605 244 1666 Si
259 1605 330 1665 vero
342 1605 379 1665 sit
393 1605 577 1666 comminata
590 1608 693 1683 ajuro,
709 1607 835 1686 queastio
846 1606 1083 1670 controvertitur.

109 1701 142 1754 ut
156 1693 260 1755 videre
274 1701 318 1754 est
333 1712 381 1773 ap.
400 1694 430 1755 S.
449 1695 568 1773 Liguor.
585 1694 649 1774 (lib.
662 1699 692 1771 7,
711 1705 745 1755 n⁰
760 1698 820 1770 55),
838 1694 889 1773 qui
907 1699 939 1753 ut
953 1693 1086 1773 probabi-

109 1781 218 1844 liorem
240 1781 330 1843 habet
352 1783 532 1844 sententiam
556 1789 737 1864 negantem,
765 1782 835 1862 quia
859 1781 948 1842 etiam
973 1781 1004 1840 in
1028 1781 1087 1844 hoe

109 1887 182 1931 casu
196 1869 325 1931 habetur
341 1869 467 1930 monitio
482 1889 535 1950 per
554 1871 675 1950 legem,
691 1877 721 1932 et
738 1868 865 1952 proinde
884 1867 966 1929 adest
984 1874 1086 1932 contu-

110 1959 218 2021 macia.
231 1962 317 2020 Tune
327 1964 428 2018 tarnen
444 1960 607 2039 requiritur
620 1959 663 2020 rei
679 1959 779 2020 citatio
792 1957 829 2019 ad
841 1975 999 2019 censuram
1013 1957 1086 2019 inili-

109 2047 254 2126 gendam,
268 2047 339 2108 oiim
357 2047 435 2109 bene
451 2047 515 2109 tieri
533 2049 627 2129 possit
648 2047 729 2129 quod
748 2065 818 2110 reus
839 2045 1024 2127 probabilem
1040 2049 1084 2109 sui

21 2151 32 2164 ·
108 2135 178 2198 iacti
204 2137 430 2198 exeusationem
451 2135 553 2198 offerat
572 2156 579 2198 :
600 2137 705 2218 excipe
731 2137 788 2198 nisi
812 2137 928 2198 crimen
952 2136 988 2196 sit
1011 2136 1085 2198 odeo

109 2225 264 2287 notorium
280 2231 312 2285 ut
326 2225 479 2286 evidenter
498 2231 614 2286 constet
630 2225 752 2288 nullam
770 2242 823 2286 reo
843 2231 1014 2304 competere
1032 2225 1084 2286 dc-

108 2313 302 2375 iensionem:
318 2313 369 2374 sed
383 2313 558 2391 hujusmodi
569 2333 705 2376 censurae
718 2331 876 2394 nunquam
891 2313 1085 2376 incurrantur

107 2401 175 2463 sine
196 2403 346 2464 sententia
359 2401 626 2480 condernnatorit‚
643 2421 711 2484 quae
731 2403 755 2464 si
774 2409 852 2463 esset
867 2401 950 2462 nulla
966 2400 1084 2464 deiectu

107 2489 237 2568 elieuJus
259 2489 445 2550 formalitatis
468 2490 667 2552 essentialiter
690 2489 853 2570 requisitae,
868 2489 950 2550 nulia
976 2489 1084 2569 pariter

107 2586 188 2641 esset
201 2587 341 2650 censura,
358 2578 551 2658 quantumvis
565 2579 710 2641 delictum
724 2577 802 2639 toret
815 2586 943 2640 certum.

147 2667 276 2729 Monitio
303 2675 403 2727 autem
429 2667 576 2730 canonica
598 2667 720 2749 proprie
742 2673 786 2728 est
809 2668 904 2744 trine,
928 2670 963 2728 ut
986 2667 1083 2748 colligi

104 2762 207 2838 potest
222 2773 259 2818 ex
273 2771 340 2835 cap.
361 2754 605 2818 Constitutioncnt
619 2760 649 2832 9,
669 2757 713 2818 De
730 2765 804 2818 seut.
822 2775 975 2831 excomm,
992 2757 1022 2816 in
1035 2759 1080 2830 6⁰3

107 2845 161 2906 sed
174 2862 212 2906 ex
225 2843 332 2906 eodem
347 2863 428 2923 cap„
442 2861 504 2905 una
521 2844 586 2906 fieri
601 2850 702 2925 potest
717 2862 771 2924 pro
783 2844 878 2904 tribus
895 2843 1006 2921 (adhuc
1020 2843 1084 2905 sine

106 2935 226 3013 causet*
243 2927 413 2994 ounrmooo
430 2933 612 3013 aequivalens
635 2938 754 3012 tempus
775 2931 953 3010 assignetur,
975 2949 1084 3013 nempe

107 3040 159 3084 sex
169 3023 237 3084 dies
249 3041 256 3082 :
270 3040 341 3083 nam
350 3021 575 3083 verbaoanonis
588 3021 758 3103 ult'quonum
770 3019 884 3081 dc‘crum
897 3022 1081 3100 competentia

106 3109 290 3185 interuallo,
315 3116 492 3192 supponunt
513 3111 618 3172 saitem
639 3109 716 3172 duos
738 3110 803 3171 dies
823 3127 877 3190 pro
899 3127 1083 3191 unoquoque

107 3200 268 3262 intervallo
277 3219 285 3274 ;
302 3205 332 3258 et
347 3200 469 3278 insuper
483 3197 651 3262 dummodo
663 3199 811 3260 terminus
822 3217 873 3260 sex
886 3198 1004 3259 dierum
1015 3200 1083 3260 assi-

105 3296 220 3370 gnetur
238 3295 272 3350 ut
294 3287 514 3368 peremptorius
532 3293 563 3348 et
585 3287 812 3364 ultirnus,‘aliits
834 3305 902 3349 reus
919 3293 1082 3352 contumax

141 3477 148 3504 ¹
165 3492 175 3519 ι
195 3471 335 3522 Statuirnus
348 3485 460 3534 quoque,
475 3477 502 3518 ut
516 3469 580 3519 inter
593 3470 757 3531 monitiones,
771 3485 832 3536 quas
847 3476 875 3521 ut
891 3471 1011 3524 canonice
1022 3488 1081 3540 pro·

107 3563 119 3595 c
137 3543 267 3608 mulgetur
278 3539 540 3592 excommunicationis
549 3541 680 3602 sententia,
694 3547 806 3591 statuunt
812 3545 867 3607 jura
879 3544 1000 3607 praemitti,
1013 3545 1081 3610 judi-

110 3635 119 3664 ι
138 3629 190 3677 ces,
206 3614 260 3664 sire
273 3612 451 3662 monitionibus
466 3611 544 3660 tribus
562 3617 670 3672 utantur,
680 3612 730 3663 siue*
742 3613 848 3678 unopro
859 3616 979 3674 esurimus,
994 3615 1080 3664 obser«

110 3707 120 3733 r
140 3692 199 3738 vent
211 3685 351 3751 aliquorum
366 3684 460 3733 dierum
475 3682 640 3750 competentia
654 3683 783 3734 intervalia
796 3701 802 3734 ι
817 3685 862 3734 nisi
881 3685 937 3734 iacti
949 3685 1081 3736 necessitas

109 3778 120 3801 ι
141 3758 213 3808 aliter
224 3771 254 3807 ea
266 3755 373 3806 suaserit
388 3754 548 3806 moderanda.
564 3753 623 3804 »lta
636 3755 730 3805 dictum
748 3770 801 3818 cap.
815 3755 1026 3809 Constitutionem.
