2618 4212
526 272 615 342 meua
634 273 769 322 renatus.
1073 262 1134 318 ttltt

157 387 291 470 primum
317 390 336 448 2
361 385 443 468 jumi
471 389 570 461 tttt;
600 385 649 446 Ad
674 388 897 466 eradicandam,
926 393 966 454 28
992 396 1131 473 septem·

159 475 226 539 bris
242 479 330 538 tlte.

195 569 226 627 2.
253 563 416 626 violentas
437 581 564 638 manus,
579 564 732 628 suadente
745 565 884 643 diabolo,
901 567 1074 648 injicientes
1096 565 1127 637 iu

160 652 292 716 elericos
306 652 354 714 vel
367 652 534 734 utriusque
544 671 637 716 sexus
649 655 823 718 monachos
838 673 846 718 τ
860 655 1009 736 exceptis,
1024 653 1129 735 quoad

158 741 415 814 reservationem,
431 741 558 804 casibus
572 750 603 804 et
626 743 770 824 personis
786 791 794 818 ,
811 743 851 806 de
866 743 984 823 quibus
995 743 1066 824 jure
1081 741 1128 802 vel

159 829 324 910 privilegio
339 829 530 911 permittitur
547 837 582 892 ut
596 829 772 912 Episcopus
786 838 842 894 aut
856 830 938 894 alius
952 830 1105 894 absolvat.

197 921 227 980 3.
253 917 400 980 Duellum
431 925 660 999 perpetrantes
692 929 747 981 aut
774 919 959 1002 simpliciter
987 917 1026 981 ad
1051 917 1130 980 illud

158 1014 366 1087 provocantes
385 1005 435 1068 vel
457 1005 561 1086 ipsum
587 1016 796 1088 acceptantes,
821 1016 853 1070 et
873 1007 1032 1089 quoslibet
1046 1024 1128 1068 com·

156 1094 267 1176 plicas,
284 1093 334 1156 vel
345 1093 612 1176 qualemcumque
623 1113 753 1176 operam
770 1103 825 1158 aut
839 1094 977 1160 favorem
994 1095 1130 1177 praeben·

156 1192 213 1258 tes,
229 1200 354 1245 necnon
368 1182 408 1245 de
428 1182 583 1245 industria
607 1193 796 1259 spectantes,
822 1185 966 1265 illudque
994 1184 1127 1266 permit-

155 1279 268 1342 tentes,
297 1272 359 1348 vel,
389 1279 545 1353 quantum
574 1273 607 1334 in
634 1273 697 1336 illis
725 1281 787 1351 est,
817 1291 881 1337 non
909 1273 1126 1355 prohibentes,

153 1449 204 1512 lis.

196 1544 228 1600 t.
244 1537 365 1601 Nomen
380 1537 493 1600 dantes
506 1546 596 1602 sectae
609 1539 794 1613 Mossom'coe,
811 1551 865 1602 aut
878 1540 1056 1613 Carbonum,
1072 1548 1126 1601 aut

151 1627 226 1690 aliis
240 1626 380 1707 ejusdem
399 1626 522 1706 generis
544 1629 647 1700 sectis,
669 1647 740 1709 quae
754 1637 864 1690 contra
879 1629 1047 1690 Ecclesiam
1075 1628 1124 1688 rel

152 1717 312 1796 legitimas
324 1723 504 1797 potestates,
521 1735 577 1778 seu
593 1716 699 1796 palam
710 1735 766 1779 seu
778 1717 985 1792 clandestine,
1002 1715 1123 1777 machi-

151 1815 291 1879 nantur3
306 1822 431 1868 necnon
451 1805 563 1867 iisdem
584 1805 675 1868 sectis
699 1805 838 1870 favorem
858 1805 1125 1886 qualemcumque

151 1901 358 1976 prestantes3
375 1911 439 1956 uon
455 1912 605 1956 earumve
619 1893 760 1957 occultos
776 1895 961 1975 coryphaeos
975 1912 1012 1956 ac
1024 1892 1121 1956 duces

150 1982 389 2057 denuntiantes,
406 1982 508 2046 donec
520 2001 585 2044 non
599 1982 869 2046 denuntiaverint.

190 2075 221 2134 5.
241 2071 477 2134 lmmunitatem
500 2072 577 2152 asyli
592 2071 793 2135 ecclesiastici
819 2073 936 2137 violare
961 2073 1121 2157 iubentes,

148 2169 206 2224 aut
222 2179 301 2223 ausu
317 2161 482 2224 temerario
498 2161 663 2225 violantes.

190 2253 220 2312 6.
251 2248 411 2313 Violantes
440 2249 622 2313 clausuram
651 2251 864 2328 monialium,
893 2253 1123 2334 cujuscumque

147 2339 273 2420 generis
299 2349 353 2401 aut
375 2337 578 2414 conditionis,
601 2359 694 2402 sexus
721 2340 772 2402 vel
800 2341 900 2403 aetatis
929 2342 1057 2412 fuerint,
1089 2343 1122 2403 in

147 2446 261 2491 earum
304 2434 494 2491 monasterta
531 2429 652 2511 absque
679 2429 820 2507 legitima
856 2429 982 2492 licentia
1016 2431 1123 2508 ingre·

145 2517 265 2580 diendo
285 2540 293 2587 ς
309 2517 491 2599 pariterque
513 2536 566 2580 eos
580 2516 817 2580 introducentes
832 2517 879 2582 vel
898 2518 1098 2580 admittentes
1112 2543 1121 2595 3

147 2608 290 2688 itemque
306 2605 461 2669 moniales
476 2606 517 2668 ab
538 2607 594 2669 illa
615 2615 778 2680 exeuntes,
795 2614 883 2669 extra
898 2626 989 2670 casus
1004 2626 1039 2669 ao
1054 2607 1121 2670 for-

148 2715 235 2758 mam
252 2694 271 2758 a
285 2693 316 2758 S.
333 2695 387 2759 Pio
401 2695 428 2759 V
442 2697 473 2757 in
488 2695 595 2759 Const.
612 2696 718 2758 Becori
733 2696 948 2777 praescriptam
962 2702 986 2759 ¹.

187 2791 218 2848 t.
235 2784 377 2854 llulieres
392 2785 548 2848 violantes
561 2785 758 2866 regularium
772 2785 913 2848 virorum
927 2786 1119 2863 clausuram,

147 2885 179 2938 et
193 2877 371 2957 superiores
385 2873 503 2937 aliosve
514 2894 567 2938 eas
580 2874 794 2938 admittentes.

187 2969 217 3029 8.
240 2965 320 3027 Reos
334 2964 476 3027 simoniae
492 2964 586 3028 realis
612 2963 645 3026 in
661 2962 822 3025 beneficiis
847 2963 1122 3045 quibuscumque,
1205 3045 1237 3055 Ι,
1266 3045 1272 3053 Α

144 3071 323 3135 eorumque
337 3053 518 3136 complices.

186 3147 217 3205 9.
235 3141 315 3207 lleos
330 3142 473 3205 simoniae
487 3140 722 3205 confidentialis
737 3143 769 3205 in
786 3141 949 3205 beneficiis
963 3139 1117 3223 quibusli-

146 3234 212 3308 bet,
229 3228 459 3313 cujuscumque
474 3233 537 3293 sint
549 3229 724 3311 dignitatis.

116 3393 117 3400 ἵ
185 3323 235 3386 to.
254 3320 331 3383 Reos
352 3320 495 3383 simonia
510 3320 603 3382 realis
619 3319 662 3382 ob
678 3321 855 3400 ingressum
869 3319 903 3382 in
923 3319 1121 3400 religionem.

186 3415 235 3474 lt.
258 3407 374 3474 Omnes
398 3409 465 3490 qui,
493 3418 649 3491 quaestum
678 3407 829 3472 facientes
854 3425 893 3472 ex
915 3407 1124 3490 indulgentiis

141 3501 281 3582 aliisque
315 3499 423 3578 gratiis
451 3497 694 3581 spiritualibus,
738 3497 1123 3563 excommunicationibus

177 3761 206 3812 t.
227 3755 313 3821 Agitur
327 3756 367 3806 hic
381 3756 411 3804 de
421 3752 554 3804 violatione
564 3751 685 3804 clausura
697 3751 798 3814 tapetia

209 3850 234 3892 c.
252 3851 287 3894 11.
991 3823 1019 3867 12
