2574 4198
182 294 239 352 o82
449 305 600 350 cucurum
619 303 702 348 runis
723 302 873 348 canonici.

181 407 259 476 orta3
274 400 378 461 saltem
398 418 459 460 non
479 405 523 460 est
546 416 635 478 poena
653 397 841 460 medicinalis
855 400 926 460 oiim
948 398 1070 460 tollatur
1091 419 1153 462 non

183 507 234 566 per
247 487 478 560 absolutionem,
496 486 547 547 sed
563 505 617 566 per
630 485 898 566 dispensationem.
910 488 1045 568 ideoque
1059 488 1091 550 in
1107 507 1155 569 po

184 581 285 638 testate
306 577 374 638 data
392 576 563 638 absolvendi
582 575 599 636 t
620 576 756 637 censuris
773 593 834 638 non
855 576 1156 658 comprehenduntur

184 665 426 745 irregularitate,
439 665 494 726 nisi
510 665 650 743 expresse
666 663 696 724 id
710 663 836 728 dicatur.

221 753 336 815 Dicitur
356 758 389 814 2⁰
405 752 611 814 medicinales:
629 751 734 826 idest,
750 771 820 834 quae
844 753 987 833 primario
1001 761 1030 815 et
1044 754 1159 834 princi·

183 839 286 921 paliter
297 841 441 922 infligitur
452 848 486 902 ut
500 859 569 901 reus
581 841 758 901 emendetur
770 849 800 902 et
814 842 851 902 ad
865 843 1020 904 meliorem
1035 843 1158 922 frugem

183 951 213 992 se
230 938 322 992 vertat
338 930 416 1010 (eap.
436 929 507 993 Cirm
520 929 671 1010 continpnt
685 932 734 1003 36,
751 929 795 990 De
807 929 888 1010 offic.
900 931 1009 1011 drlep,⁸
1020 949 1089 1010 cap.
1103 932 1158 992 Ec

184 1019 291 1082 litteris
302 1024 335 1081 ii
351 1068 359 1093 ‚
375 1021 419 1080 Dc
436 1019 656 1097 Constit.‚·cap.
672 1016 746 1081 Cirm
763 1017 964 1094 medicinalis,
980 1019 1022 1080 lle
1031 1027 1157 1081 sentent.

184 1128 335 1184 recomm,
349 1108 379 1168 in
395 1111 448 1184 6⁰).
465 1109 521 1166 Per
540 1105 599 1167 hoc
620 1124 747 1168 censura
761 1105 889 1168 differta
906 1109 1004 1187 poenis
1018 1108 1159 1170 vindiea-

184 1197 265 1269 tivis,
279 1215 346 1276 quae
363 1195 506 1276 primario
521 1195 550 1254 in
566 1195 701 1256 criminis
712 1194 874 1257 vindictam
890 1197 1093 1266 incutiuntur.
1111 1199 1159 1258 Ex

184 1285 239 1346 bic
252 1285 392 1364 qualitate
405 1302 532 1346 censura
548 1291 591 1344 est
614 1284 784 1344 necessarie
802 1283 955 1345 vinculum
978 1283 1161 1349 dissolubile

183 1379 211 1434 et
223 1392 276 1454 per
289 1373 508 1435 absolutionem
524 1371 701 1434 solvendum
720 1372 820 1433 statim
842 1391 876 1434 ac
893 1383 1035 1454 peccator
1049 1392 1158 1436 emen-

182 1461 269 1535 datus
294 1461 392 1524 luerit.
410 1461 534 1540 Propter
556 1459 694 1522 eamdem
710 1462 858 1522 rationem
875 1459 969 1540 infligi
986 1480 1047 1522 non
1066 1462 1159 1525 debet

183 1569 308 1613 censura
325 1551 389 1612 sine
405 1549 512 1630 praevii
528 1549 705 1622 monitione,
717 1549 774 1611 nisi
786 1549 946 1610 inferretur
960 1568 1013 1630 per
1028 1550 1158 1614 modum

183 1659 279 1720 poenae
293 1639 488 1713 vindicativae,
504 1637 584 1720 quod
599 1637 762 1718 aliquando
776 1639 952 1717 contingere
968 1645 1076 1717 potest.

219 1729 334 1791 Dicitur
347 1731 378 1790 3⁰
391 1729 453 1791 Per
464 1746 551 1808 quam
565 1726 649 1787 homo
664 1725 843 1808 baptizatus,
858 1725 1032 1806 delinquens
1043 1733 1073 1786 et
1088 1745 1158 1788 con·

182 1823 285 1878 tumea
301 1816 433 1896 :quibus
451 1815 549 1876 verbis
569 1813 780 1896 exprimuntur
801 1813 987 1875 conditiones
1002 1814 1158 1894 requisitae

182 1911 213 1966 ut
227 1906 297 1986 quis
311 1907 405 1985 possit
419 1902 555 1964 censuris
569 1902 666 1984 ligari.
682 1905 710 1964 Is
723 1921 795 1982 ergo
808 1902 897 1964 debet
910 1921 975 1964 esse
990 1921 997 1962 :
1015 1907 1046 1964 i⁰
1060 1903 1158 1984 bapti·

181 2001 270 2069 zatus,
287 1993 421 2072 alioquin
438 2009 499 2052 non
514 1999 592 2052 esset
603 1991 756 2069 subjectus
770 1992 907 2072 potestati
921 1991 1136 2054 ecclesiasticae
1145 2014 1154 2070 ;

179 2085 210 2142 2⁰
225 2079 407 2161 delinquens,
419 2081 490 2141 ciem
504 2079 603 2139 omnis
616 2097 705 2159 poena
720 2079 862 2159 supponit
871 2080 1014 2158 delictum
1027 2101 1034 2154 ;
1047 2084 1080 2142 3⁰
1090 2100 1157 2143 eon·

181 2181 294 2239 tumor,
312 2169 396 2230 idest
411 2167 626 2229 monitionibus
641 2167 782 2230 Ecclesiae
802 2187 862 2229 non
878 2168 1109 2248 obtemperem,
1126 2180 1156 2234 et

181 2258 209 2318 id
224 2259 291 2319 fluit
304 2260 321 2318 a
336 2260 442 2319 natura
457 2274 593 2318 censurae
607 2274 689 2336 quae,
705 2261 739 2317 ut
750 2257 812 2334 jam
835 2256 987 2333 diximus,
1003 2265 1048 2318 est
1062 2277 1156 2339 poene

181 2345 366 2408 medicinalis
381 2346 539 2426 requirens
558 2345 682 2426 praevias
704 2344 905 2420 monitiones,
927 2346 989 2406 sive
1012 2348 1029 2406 a
1048 2346 1157 2426 judice

180 2436 240 2497 sive
254 2435 358 2496 saltem
374 2437 390 2496 t
406 2435 471 2514 lege
486 2434 587 2496 iactas.
604 2435 771 2495 Contumax
784 2440 884 2494 autem
895 2441 956 2508 est,
974 2451 1035 2495 non
1051 2436 1155 2500 sotum

178 2524 230 2604 qui
244 2523 408 2585 formaliter
418 2523 583 2585 contemnit
599 2522 809 2583 auctoritatem
825 2522 980 2598 Ecclesiae,
995 2523 1154 2587 sedetiam

179 2613 230 2693 qui
244 2614 315 2674 clrm
331 2613 445 2673 noverit
460 2612 557 2690 legem
572 2610 686 2691 aliquid
698 2616 848 2671 vetantem
860 2610 916 2671 sub
930 2615 1070 2688 censura,
1082 2631 1153 2676 eam

179 2699 375 2762 nihilominus
389 2699 578 2780 culpabiliter
591 2699 690 2773 violat.

215 2789 331 2851 Dicitur
343 2792 377 2850 4⁰
390 2788 518 2849 Primus
535 2807 590 2868 per
601 2795 767 2869 potestatem
782 2787 1002 2850 eeclesiasticam
1017 2809 1073 2852 usu
1083 2811 1155 2874 qoo-

178 2879 310 2941 rumdurn
327 2879 463 2939 tonorum
477 2877 679 2958 spiritualium
694 2896 701 2936 ε
717 2877 789 2957 quia
801 2895 929 2938 censure
944 2895 1006 2938 non
1029 2878 1099 2960 ideo
1112 2880 1152 2943 ab

178 2968 307 3029 Ecclesilt
328 2967 476 3047 profertur
499 2972 533 3026 ut
550 2965 646 3046 privet
668 2965 799 3027 omnibus
816 2965 904 3026 bonis
922 2966 1149 3046 spiritualibus,

177 3057 244 3118 cbm
265 3073 321 3116 nee
342 3055 431 3116 etiam
453 3053 481 3113 id
507 3052 599 3134 possit
613 3053 703 3114 lieri:
725 3053 777 3115 sed
792 3052 889 3114 solum
904 3053 1088 3132 quibusdam
1112 3058 1151 3118 ab

177 3145 308 3206 Ecclesit
321 3141 560 3222 dependentibus
572 3141 689 3221 ipsique
703 3141 929 3215 communibus,
949 3144 1150 3206 sacramentis

178 3251 296 3314 nempe,
311 3231 471 3312 suffragiis,
489 3229 699 3311 indulgentiis,
713 3229 803 3292 sacris
817 3227 1042 3308 functionibus,
1056 3231 1156 3295 bene-v

176 3321 270 3396 ficiis,
287 3327 344 3382 etc.

213 3409 275 3471 Etsi
295 3427 431 3471 censurat
453 3409 571 3489 privent
584 3405 727 3488 primario
740 3405 829 3468 bonis
844 3405 1066 3486 spiritualibus,
1084 3408 1149 3488 pri·

174 3501 244 3560 vant
266 3504 367 3559 tamen
388 3498 533 3559 indirecte
549 3496 639 3558 certis
658 3495 745 3555 bonis
769 3494 1007 3574 temporalibus,
1033 3513 1148 3576 nempe

174 3603 231 3648 usu
250 3591 280 3648 et
301 3585 485 3647 commercio
508 3583 659 3658 fidetium,
683 3581 762 3644 circa
784 3581 870 3661 ptura
895 3581 1091 3662 temporatia,
1111 3589 1146 3646 ut

173 3671 250 3736 inira
273 3672 381 3734 dicturi
400 3691 505 3734 sumus
527 3669 679 3749 loquendo
700 3668 867 3747 praesertim
881 3667 919 3730 de
933 3671 1145 3732 excommuni-

174 3762 302 3822 cntinuo.
