2590 4208
481 299 567 344 truta
587 299 722 344 suanus.
1052 286 1090 344 79

116 417 300 498 dispensare
319 413 351 473 in
371 421 444 475 roto
463 420 625 494 perpetuae
647 409 846 473 continentiae
862 430 880 472 a
900 409 1092 488 religiosum

120 501 312 585 professione
326 501 453 575 emisso,
470 519 528 562 neo
543 500 575 561 in
591 499 659 561 aliis
674 497 773 574 votis,
790 499 813 559 si
830 497 1031 578 congregatio
1055 497 1094 558 sit

117 596 274 672 exempta.
291 587 380 651 Unde
394 589 580 669 dispensare
608 587 719 668 nequit
735 588 766 647 in
783 587 862 648 votis
891 585 1092 647 scholastico
1191 654 1197 669 Ι

120 698 192 742 rum
208 677 365 740 societatis
379 677 470 751 lesu,
487 677 530 738 sic
556 677 651 739 etiam
671 675 750 738 solet
774 673 888 736 Sancta
913 673 1008 735 Sedes
1035 672 1092 735 sibi

120 784 279 831 reservare
293 771 477 844 potestatem
489 764 693 844 dispensandi
709 763 790 825 eirea
805 771 878 825 vota
892 759 1093 837 monialium,

120 859 151 918 in
173 852 482 932 congregationibus
496 852 613 934 quibus
632 860 743 934 praeest
756 851 969 932 Superiorissa
992 849 1093 912 Gene-

121 943 210 1004 ralis.

161 1033 248 1092 lonii⁶
272 1029 398 1102 Quaerit.
413 1029 564 1103 Quaenam
579 1031 618 1092 sit
633 1038 771 1110 potestas
786 1028 987 1109 superiorum
1009 1045 1096 1106 regu·

121 1119 238 1182 larium
253 1117 284 1179 in
302 1119 494 1180 novitiorum
507 1127 577 1180 vota
593 1119 609 1180 ‘l

159 1207 252 1282 Resp.
267 1205 460 1268 Eorumdem
476 1215 548 1269 vota
564 1206 681 1269 directe
695 1206 818 1268 irritare
833 1211 997 1287 nequeunt
1010 1222 1094 1284 supe
1113 1211 1118 1220 '

121 1296 231 1370 riores,
248 1294 322 1375 quia
343 1294 487 1356 nondum
503 1294 621 1356 habent
636 1295 667 1369 in
681 1313 734 1357 eos
749 1295 974 1358 dominativum
990 1302 1091 1376 potes·

121 1391 237 1459 tatem3
254 1380 308 1443 sed
323 1383 444 1445 irritare
469 1392 601 1464 possunt
623 1383 796 1460 indirecte,
816 1392 972 1466 quatenus
994 1383 1089 1463 impe·

121 1472 214 1534 diunt
228 1479 403 1534 conventus
416 1472 617 1552 gubernium.

161 1560 271 1634 Quoad
305 1568 488 1639 potestatem
519 1560 741 1642 dispensandi,
782 1563 830 1624 vel
863 1562 901 1624 de
933 1560 1095 1623 ordinibus

121 1649 296 1730 exemptis,
322 1648 371 1710 vel
387 1649 426 1711 de
441 1649 509 1711 aliis
524 1650 626 1729 agitur
648 1672 654 1712 :
673 1651 705 1711 in
722 1649 824 1731 primo
843 1669 933 1722 casu,
950 1667 1023 1710 oum
1038 1649 1093 1709 ha·

124 1736 221 1798 beant
232 1745 307 1798 tuno
320 1737 456 1798 clavium
468 1743 660 1817 potestatem,
677 1746 808 1820 possunt
820 1737 950 1812 Praelati,
963 1756 1001 1798 ex
1013 1737 1096 1816 justa

121 1843 230 1900 causa,
246 1824 428 1906 dispensare
443 1845 538 1908 super
551 1827 650 1901 votis,
668 1846 685 1889 a
700 1828 837 1902 novitiis,
854 1827 917 1889 sive
933 1834 1016 1900 ante,
1033 1825 1095 1887 sive

123 1921 195 1996 post
208 1913 379 1976 novitiatus
394 1915 589 1994 ingressum,
603 1917 735 1978 emissis.
755 1916 788 1977 ln
807 1915 944 1978 secundo
959 1932 1050 1990 casu,
1065 1913 1095 1974 id

123 2019 187 2065 non
203 2011 346 2084 possunt,
371 2004 429 2064 nisi
452 2003 521 2066 haee
538 2003 670 2066 facultas
685 2003 801 2066 eisdem
824 2003 1039 2068 lueritoollata
1056 2001 1095 2064 ab

123 2091 307 2154 auctoritate
322 2094 523 2174 competenti.
566 2107 569 2113 ·
633 2139 638 2150 .
1009 2122 1013 2131 ·

163 2179 271 2254 Quoad
295 2188 481 2262 potestatem
505 2182 648 2244 irritandi
675 2191 744 2246 vota
772 2191 843 2266 post
870 2182 1096 2265 professionem

123 2269 249 2345 emissa,
265 2269 336 2332 vide
351 2269 434 2332 dicta
449 2290 543 2352 supra
560 2271 655 2354 (937).

164 2357 242 2420 Nota
261 2358 358 2439 quod,
380 2359 436 2420 elsi
459 2359 598 2422 habeant
618 2360 738 2423 Praelati
761 2363 896 2443 exempti
910 2369 1095 2443 potestatem
1139 2351 1143 2364 '

124 2445 326 2527 dispensandi
350 2466 444 2528 super
460 2449 537 2511 volis
557 2449 777 2520 subditorum,
803 2451 899 2511 etiam
922 2450 1025 2530 quoad
1048 2466 1097 2509 vo

125 2544 194 2597 tum
210 2533 248 2597 ad
270 2535 454 2616 religionem
471 2537 656 2601 strictiorem
672 2537 868 2615 transeundi,
886 2538 1027 2599 eamdem
1043 2555 1096 2614 po-

126 2630 266 2687 testatem
278 2625 463 2703 regulariter
477 2645 540 2690 non
550 2626 671 2688 habent
685 2627 862 2707 superiores
874 2645 936 2688 non
946 2644 1066 2706 exemp.
1075 2625 1095 2698 i,

126 2715 201 2795 quia
212 2713 370 2777 ordinarie
385 2715 417 2776 in
429 2716 496 2778 foro
510 2723 639 2778 externo
651 2714 869 2792 jurisdictione
883 2724 999 2778 carent.

466 2934 679 3000 AllTlGULUS
707 2934 757 2998 vl.

375 3103 412 3148 bu
434 3103 605 3148 PlllVlLEGllS
626 3103 854 3150 astrolosonun.

170 3245 260 3308 loll.
285 3240 355 3302 lam
372 3239 462 3321 plura
476 3238 613 3302 diximus
628 3258 724 3321 supra
740 3239 896 3324 (alo-320)
914 3242 953 3305 de
974 3261 1100 3326 exemp·

132 3331 274 3398 tionibus
299 3329 508 3408 regularium,
533 3347 604 3410 quae
632 3328 713 3390 inter
737 3330 901 3410 privilegia
929 3341 1012 3395 certe
1032 3343 1104 3399 sunt

132 3418 359 3488 enumerandae
375 3463 382 3493 ,
398 3436 469 3480 cum
493 3416 693 3499 privilegium
718 3418 757 3478 sit
768 3420 888 3498 priuata
914 3421 964 3484 Ieu
987 3422 1108 3506 aliquid

134 3507 261 3596 speciale
273 3507 429 3570 concedens
442 3515 546 3570 contro
560 3505 603 3568 vel
612 3514 724 3586 praeter
729 3507 793 3588 jus.

178 3595 352 3661 Dicendum
369 3601 401 3657 l⁰
416 3597 461 3657 Ex
476 3593 570 3659 variis
592 3593 796 3658 Summorum
813 3596 1000 3664 Pontificum
1016 3600 1107 3664 oons-

138 3685 361 3759 illusionibus,
384 3701 448 3748 non
473 3683 573 3748 solum
598 3683 714 3746 babere
737 3686 950 3753 mendicantes
971 3693 1053 3753 inter
1076 3710 1109 3754 so

141 3774 320 3842 absolutam
347 3773 580 3854 privilegiorum
600 3776 930 3856 communicationem,
956 3778 1009 3842 sed
1029 3797 1109 3845 eam·
