2574 4198
203 288 270 347 dtu·
492 302 644 348 arsurum
665 301 747 348 tuuis
768 298 914 346 caueurcr.

204 401 368 461 contrarias
396 404 438 462 lta
453 404 569 464 censuit
586 406 712 484 ipsamet
726 405 836 482 Congu.
853 399 987 475 Concil,
1004 417 1041 462 ex
1055 403 1183 464 Decrelo

203 488 356 564 trident,
379 489 430 552 ubi
455 494 588 552 sancitur
603 491 686 572 qudd
707 509 768 553 non
789 489 920 569 amplius
939 489 974 547 sit
990 487 1021 549 in
1037 494 1183 570 potestate

203 576 430 639 ordinariorum
444 578 591 660 derogare
606 578 830 642 conditionibus
844 579 875 638 in
890 574 1069 639 fundatione
1084 596 1182 658 appo-

203 664 358 728 sitisetiam
367 666 561 730 deconseusu
572 677 768 750 patronorum
781 666 1037 748 (sess.25,cap.5‚
1046 665 1180 746 Derefi).

241 755 305 814 lmd
321 773 419 836 neque
434 755 585 833 tundatur,
601 760 692 819 etiam
704 757 902 818 decousensu
917 753 1071 834 Episcopi,
1084 761 1182 833 potest

202 843 409 924 conditiones,
425 846 442 906 a
456 863 488 908 se
506 847 656 926 appositas
675 846 707 907 in
725 843 900 908 fundatione
914 849 944 904 et
962 842 1000 904 ab
1019 841 1181 906 Ordinario

201 939 377 1010 acceptatas,
389 936 547 1010 rrrutare,si
564 935 631 996 telis
642 933 766 996 mutatio
774 937 853 996 esset
867 931 1121 1012 inpraejudicium
1131 934 1181 994 Ee·

200 1019 297 1082 clesiae
305 1021 350 1082 vel
360 1022 438 1082 tertii
446 1069 454 1096 ,
462 1023 748 1103 quiaTridentinum
760 1030 789 1084 et
799 1019 1055 1084 declarationesS.
1064 1021 1177 1102 Congu.

201 1127 259 1169 rron
284 1109 475 1190 distinguunt
498 1111 575 1172 inter
599 1117 761 1192 patronum
788 1111 936 1172 viventem
959 1115 989 1169 et
1008 1115 1192 1174 mortuum,

242 1201 307 1260 783,
332 1197 490 1278 Episcopis
504 1200 635 1261 maxime
655 1199 804 1262 incumbit
821 1215 894 1260 cura
908 1197 1092 1277 procurandi
1108 1216 1177 1260 exe·

197 1285 352 1347 cutionem
367 1286 486 1365 piarum
502 1286 728 1362 fundationum,
751 1307 788 1350 ex
808 1305 875 1368 cap.
893 1285 955 1347 Noe
972 1285 1113 1366 quidem,
1135 1287 1178 1348 ue

197 1375 385 1451 testamentis,
402 1375 431 1435 in
447 1394 509 1456 quo
519 1379 682 1457 Gregorius
696 1379 735 1439 lx
755 1375 886 1456 injungit
900 1374 1068 1436 Calaritauo
1084 1374 1176 1454 Epis·

197 1477 285 1542 copo,
298 1469 331 1525 ut
343 1463 395 1524 det
405 1483 529 1545 operam
544 1467 710 1546 quominus
720 1465 859 1546 religiosa
871 1461 1029 1542 cujusdam
1041 1462 1176 1525 mulieris

196 1551 333 1614 voluntas
352 1555 568 1616 monasterium
589 1554 776 1631 aedificandi,
799 1572 868 1636 quae
882 1553 920 1614 ab
938 1552 1020 1614 illius
1034 1551 1172 1628 haerede,

198 1631 335 1703 nondum
346 1641 442 1703 lucrat
456 1644 625 1706 executioni
639 1643 830 1716 demandata,
845 1641 1015 1722 impleatur.
1030 1641 1065 1700 ln
1076 1641 1174 1721 capite
1274 1687 1275 1728 ,

195 1735 297 1792 autern
318 1731 379 1793 Tua
402 1731 484 1793 nobie
501 1732 638 1814 eJusdem
663 1733 759 1809 tituli,
783 1731 863 1794 idem
883 1727 1021 1790 Pontifex
1042 1727 1174 1792 declarat
1274 1735 1275 1740 ’

195 1837 272 1883 onus
291 1839 358 1882 esse
379 1821 518 1902 Episcopi
541 1829 573 1882 ut
597 1822 692 1903 legata
716 1822 765 1902 pia
785 1827 869 1882 curet
891 1817 1032 1898 impleri,
1054 1819 1171 1882 etiamsi

194 1909 319 1969 cavisset
339 1914 461 1970 testator
486 1929 524 1970 ne
547 1910 715 1990 Episcopus
730 1927 762 1971 se
780 1909 823 1971 rei
842 1905 1015 1986 hujusmodi
1030 1907 1172 1987 quando-

193 2013 326 2076 cumque
336 1995 534 2072 immisceret,
549 1999 619 2078 quia
634 2000 748 2079 privata
759 1997 908 2060 testatoris
918 1995 1075 2076 dispositio
1086 2015 1173 2076 gene-

194 2084 286 2146 ralem
302 2084 377 2164 legis
392 2085 496 2165 nequit
510 2087 698 2148 sanctionem
714 2087 876 2156 immutare
889 2085 1016 2164 eiusque
1030 2083 1171 2147 effectum

194 2172 350 2252 impedire.
368 2174 469 2234 Potest
491 2173 614 2255 quidem
633 2173 775 2236 fundator
794 2176 927 2254 aliquem
945 2173 1106 2252 designare
1120 2181 1172 2236 tes

193 2262 317 2324 lamenti
329 2269 534 2340 executorem,
546 2271 574 2325 et
585 2270 658 2326 tunc
672 2265 839 2345 Episcopus
850 2279 912 2325 non
924 2269 1024 2342 potest
1033 2279 1066 2323 se
1080 2261 1172 2324 inter·

193 2367 324 2429 ponere,
341 2352 399 2412 nisi
420 2353 486 2414 talis
502 2361 644 2414 executor
663 2353 822 2434 negligens
837 2349 1103 2433 deprehendatur;
1118 2352 1171 2414 sed

193 2439 303 2519 inyhnc
326 2459 398 2502 casu
419 2442 455 2501 ad
480 2443 663 2522 Episcopum
687 2440 852 2502 devolvitur
878 2457 957 2502 onus
983 2441 1170 2520 exsequendi

191 2527 272 2608 quod
293 2529 341 2590 elii
360 2529 558 2608 neglexerunt
575 2549 582 2590 :
600 2531 638 2590 ila
653 2530 743 2590 etiam
760 2529 900 2608 expresse
916 2528 1086 2589 Concilium
1100 2531 1171 2592 Tri-

191 2618 272 2679 dent.
291 2619 378 2696 (sess.
405 2621 464 2693 22,
493 2637 559 2697 cap.
585 2623 619 2696 8,
644 2617 688 2678 De
711 2617 861 2698 reform),
885 2616 936 2678 ubi
958 2616 1067 2678 dieitur
1087 2619 1170 2700 qudd

194 2725 210 2763 n
230 2706 388 2786 Episcopi,
406 2707 495 2766 etiam
516 2713 659 2786 tanquam
675 2705 760 2767 Sedis
782 2704 961 2786 apostolicae
975 2705 1122 2786 delegati,
1139 2708 1169 2770 in

194 2815 209 2852 a
228 2795 349 2856 casibus
363 2797 458 2873 bjure
473 2795 635 2872 concessis,
647 2795 777 2855 omnium
792 2795 909 2875 piarum
922 2792 1168 2873 dispositionum,

194 2905 208 2939 c
228 2885 291 2945 tam
314 2881 346 2945 in
367 2884 473 2946 ultima
487 2885 639 2946 voluntate
653 2887 746 2965 quam
763 2883 841 2944 inter
861 2883 963 2958 vivos,
986 2885 1047 2944 sint
1061 2901 1171 2948 execu-

193 2994 207 3030 n
227 2981 307 3034 tores
321 2995 351 3034 u.
362 2974 452 3052 ¹ldem
474 2973 622 3033 sancitum
639 2981 681 3033 est
697 2975 713 3033 a
731 2975 799 3050 iure
817 2971 896 3034 civili
914 2969 945 3030 iu
965 2970 1060 3032 Gallia
1077 2989 1086 3033 t
1101 2973 1171 3038 vide

189 3067 243 3122 art.
261 3067 298 3124 29
310 3062 426 3123 Decreti
440 3065 479 3122 30
493 3061 646 3122 decembr.
663 3055 752 3124 1809.Ι
1127 3074 1130 3084 “

228 3153 267 3213 Ut
283 3157 386 3211 autem
409 3150 576 3210 accuratius
604 3148 827 3231 adimpleantur
847 3150 1059 3222 fundationes,
1080 3153 1155 3215 lnur

187 3247 266 3300 cent.
283 3238 335 3300 Xll
355 3238 386 3298 in
402 3238 525 3298 Constit.
542 3241 612 3314 sua,
626 3237 675 3300 cui
695 3239 815 3302 initium
839 3239 978 3321 Nuperd
996 3239 1169 3322 Congrege-

187 3328 264 3387 tiene
279 3325 307 3407 (S
322 3329 360 3388 26
376 3330 406 3388 et
425 3326 489 3407 tl),
506 3326 632 3388 sancivit
653 3335 685 3390 ut
701 3328 731 3388 in
747 3328 874 3409 singulis
887 3328 1023 3391 ecclesiis
1037 3333 1168 3393 centies·

188 3423 269 3477 retur
283 3415 436 3496 catalogus
455 3433 509 3476 seu
523 3415 631 3476 tabella
645 3433 774 3478 onerum
791 3435 859 3498 quae
877 3419 1105 3499 inperpetuum
1121 3419 1167 3483 vel

187 3503 223 3566 ad
248 3513 364 3566 certum
387 3510 507 3582 tempus
528 3503 598 3584 ipsis
619 3504 758 3585 imposita
777 3506 918 3580 luerunt,
939 3524 975 3568 ac
999 3508 1167 3588 respective

186 3589 352 3674 a'c'erptala3
369 3601 462 3673 utque
477 3591 579 3653 itidem
595 3593 625 3653 in
635 3595 765 3655 sacrario
777 3593 838 3657 duo
847 3604 1072 3656 asservarentur
1085 3595 1165 3675 libri,

186 3684 217 3745 in
243 3701 374 3765 quorum
399 3683 492 3743 altero
530 3689 674 3763 perpetua
710 3682 755 3744 vel
783 3683 965 3765 temporaria
989 3683 1167 3763 hujusmodi

186 3791 290 3838 onera,
308 3773 337 3854 in
352 3771 445 3834 altero
459 3771 530 3834 verb
544 3772 643 3834 missae
656 3770 817 3829 matrueles
827 3781 856 3835 et
870 3772 1040 3836 adventitiae
1053 3773 1164 3837 inscri-
