2552 4204
437 351 441 359 ι
509 333 597 379 cisun
618 335 752 382 suarius.
1066 319 1125 384 ma

181 435 253 497 897.
277 435 326 496 lll.
344 432 639 516 Realesacrilegium
658 435 759 498 locum
780 435 870 499 babet
891 455 946 519 per
966 435 1124 517 indignam

141 523 356 585 tractationem
372 528 650 597 sacramentorum,
666 529 699 586 ut
714 523 738 585 si
754 524 982 601 ministrentur,
998 525 1045 587 vel
1061 543 1125 588 sus·

141 611 297 692 cipiantur
317 629 388 675 cum
410 619 532 692 peccato
554 611 684 674 mortali.
707 614 782 674 Item
806 613 831 674 si
855 633 924 676 vasa
942 623 993 678 aut
1013 615 1124 676 instru-

142 705 247 762 menta
262 719 347 764 sacra
364 699 401 762 ad
416 719 490 762 usus
511 701 654 782 profanos
675 701 896 778 adhibeantur,
916 725 943 766 v.
964 725 996 786 g.
1011 705 1034 765 si
1056 702 1126 784 quis

143 794 282 852 uteretur
290 789 383 852 calice
398 793 451 851 aut
463 790 651 852 ornamentis
664 791 766 852 altaris
777 791 808 852 in
821 793 958 855 convivio
971 840 977 854 .
989 793 1125 874 Intellige

142 881 248 940 tamen
263 877 301 940 de
311 877 358 940 bis
371 897 440 960 quae
450 877 555 939 saltem
568 877 706 940 benedici
720 878 834 940 solent:
851 897 922 940 nam
934 878 1077 940 adbibere
1087 876 1125 940 ad

142 965 318 1049 nuptiasvel
328 985 418 1030 usum
427 965 589 1048 profanum
599 971 723 1048 tapetes,
733 965 1127 1049 candelabra,pelvim,imb

144 1061 175 1118 et
185 1055 412 1137 manutergium
427 1064 455 1118 et
467 1063 574 1118 caetera
589 1075 658 1137 quae
667 1055 797 1118 mediate
810 1057 944 1120 seruiunt
958 1056 1125 1118 ministerio

147 1153 404 1228 sacropeccatum
440 1151 575 1222 nonest,
590 1145 649 1207 nisi
663 1144 747 1208 lieret
762 1163 797 1208 ex
814 1146 915 1228 aliquo
928 1150 1104 1226 contemptu
1113 1161 1123 1216 ⁴,

143 1233 251 1296 saltem
265 1233 427 1315 implicito,
452 1239 486 1296 ut
503 1234 528 1296 si
554 1252 675 1316 semper
695 1241 725 1308 at
740 1233 948 1298 indifferenter
959 1234 998 1297 ad
1012 1233 1126 1296 similes

143 1341 220 1386 usus
234 1323 460 1385 adhiberentur.
476 1322 559 1384 ldem
571 1322 824 1400 dicdeoandelis,
838 1325 949 1398 ramis,
964 1325 1054 1406 aqua,
1073 1325 1124 1385 in⁶

143 1429 250 1486 censo,
266 1420 295 1474 et
309 1411 459 1474 similibus
471 1411 653 1487 benedictis,
670 1413 741 1494 quia
752 1413 888 1476 Ecclesia
903 1432 965 1476 non
980 1413 1041 1494 agit
1053 1431 1125 1476 curri

145 1505 231 1564 tanto
245 1501 345 1583 rigore
364 1501 537 1563 inmodicis
558 1501 622 1563 istis
643 1501 928 1582 benedictionibus,
949 1509 983 1566 ut
997 1509 1079 1584 patet
1093 1502 1125 1564 in

143 1608 244 1672 pane,
260 1590 363 1672 ligno,
379 1589 583 1670 carbonibus,
600 1595 657 1654 etc.
675 1591 853 1654 benedictis.

188 1679 387 1761 Sacrilegium
408 1684 453 1741 est
472 1685 573 1741 autem
593 1680 672 1741 male
693 1685 819 1742 tractare
836 1699 936 1742 sacras
957 1679 1123 1762 imagines,

145 1767 308 1850 reliquias;
320 1769 385 1830 illas
397 1767 510 1844 furari,
528 1769 619 1830 etiam
634 1767 664 1828 in
679 1771 770 1848 parva
782 1769 964 1850 quantitate,
979 1777 1024 1830 est
1037 1787 1126 1848 grave

145 1857 339 1939 sacrilegium
359 1855 383 1919 si
402 1855 545 1920 dominus
565 1855 765 1934 praevideatur
784 1875 821 1920 ex
841 1855 899 1919 boc
916 1855 981 1918 lore
998 1857 1126 1938 graviter

149 1946 389 2012 contristandus.
409 1981 448 1994 -
470 1949 524 2009 Est
545 1947 637 2009 etiam
658 1946 850 2029 sacrilegium
873 1952 1016 2028 torquere
1036 1947 1126 2008 verba

147 2039 180 2102 S.
211 2036 375 2118 Scripturae
402 2035 440 2098 ad
463 2036 619 2112 scurrilia,
641 2034 797 2113 fabulosa,
822 2053 918 2112 vana,
942 2034 1126 2112 adulatoria,

147 2126 341 2190 detractoria.
358 2124 518 2204 (Trident,
530 2144 604 2188 sess.
620 2131 651 2202 4,
667 2127 700 2187 in
713 2124 799 2208 fine.)

190 2217 261 2278 Non
272 2214 355 2278 laesio
366 2233 633 2297 quorumcumque
645 2216 796 2278 bonorum
805 2214 1124 2282 ecclesiasticorumest

146 2304 362 2386 sacrilegium,
388 2303 440 2366 scd
468 2304 613 2366 duntaxat
637 2305 789 2367 bonorum
817 2322 886 2387 quae
914 2306 1068 2386 pertinent
1088 2305 1125 2366 ad

147 2401 354 2456 ornamentum
370 2393 514 2471 ecclesio,
529 2402 583 2455 out
595 2403 666 2456 sunt
683 2394 822 2476 deputato
836 2392 876 2454 ad
888 2395 1125 2456 sustentationem

146 2483 369 2545 ministrorum.
385 2515 425 2529 -
437 2484 485 2542 An
499 2487 599 2546 autem
615 2485 653 2545 sit
664 2485 856 2566 sacrilegium
872 2483 982 2564 injuste
992 2483 1127 2546 detinere

144 2572 245 2654 legata
254 2571 396 2634 Ecclesiae
406 2570 509 2634 relicta
518 2591 573 2654 pro
585 2575 650 2652 eJus
658 2573 789 2650 servitio,
800 2573 1032 2634 controvertitur
1044 2571 1123 2655 (ib).

184 2660 271 2726 Nota
293 2658 375 2742 quod
395 2678 533 2724 censurae
546 2670 652 2724 contra
675 2661 837 2742 sacrilegos
852 2660 919 2722 latae
940 2679 1002 2722 non
1018 2661 1122 2722 incur-

143 2757 251 2814 rantur
271 2749 338 2832 ipso
363 2747 443 2812 lacto
464 2749 521 2810 nisi
546 2752 562 2811 a
582 2749 820 2832 percutientibus
838 2749 1005 2825 clericun1;
1027 2752 1043 2810 a
1062 2750 1125 2810 vio·

143 2838 281 2903 lantibus
294 2838 517 2900 immunitatem
532 2839 693 2914 Ecclesiae,
711 2840 887 2919 usurpando
901 2838 999 2914 bona,
1014 2837 1125 2899 tributa

143 2926 335 3010 imponendo
352 2927 467 3006 (Trid,
492 2947 566 2992 sess.
587 2932 647 3005 22,
666 2947 733 3009 cap.
753 2931 819 3005 lt);
838 2927 876 2988 ab
894 2926 1126 3008 effringentibus

143 3017 288 3082 ecclesias
300 3024 331 3080 et
345 3016 433 3079 simul
450 3017 684 3100 expoliantibus,
701 3035 754 3080 seu
769 3015 884 3099 aliquid
898 3016 983 3078 exiis
998 3015 1126 3096 eripien-

143 3105 227 3170 tibus
242 3104 322 3188 (cap.
341 3107 591 3188 Conquiritnstt,
607 3106 643 3170 de
656 3116 778 3170 sentent.
795 3104 963 3188 eorunm).

184 3198 277 3260 Juxta
289 3202 389 3278 autem
405 3199 436 3258 S.
449 3198 584 3278 lignun,
599 3197 651 3260 lib.
665 3201 695 3273 3,
709 3203 760 3273 rt,
772 3196 957 3279 probabilius
967 3199 1011 3255 est
1021 3192 1124 3256 incen-

142 3284 257 3349 diarios
274 3285 469 3347 aeclesiarum
483 3305 543 3347 non
554 3305 619 3349 esse
631 3287 697 3368 ipso
707 3287 786 3349 lacto
796 3283 1084 3347 excommunicatos.

185 3365 313 3436 Pecceri'
324 3375 483 3456 sacrilegio
497 3383 595 3456 potest
611 3377 700 3439 etiam
714 3393 768 3458 per
777 3373 994 3450 omissionem,
1007 3391 1037 3434 v.
1054 3391 1084 3452 g.
1100 3371 1123 3435 si

142 3481 213 3545 quae
227 3461 265 3524 ad
283 3463 465 3526 sacrificium
481 3465 581 3527 missae
595 3471 752 3546 spectant,
769 3473 804 3526 ut
816 3462 982 3543 corporalia
994 3468 1024 3522 et
1038 3459 1122 3522 simi·

142 3552 201 3625 lia,
219 3552 281 3612 siut
298 3551 384 3614 ualde
403 3551 582 3627 immunda,
605 3561 634 3614 et
653 3553 711 3615 boc
732 3553 924 3632 sacrilegium
944 3559 1040 3632 potest
1060 3554 1125 3611 esse

143 3639 284 3703 mortale.
301 3639 390 3702 Nudo
402 3641 474 3702 verb
492 3659 583 3704 manu
603 3661 673 3703 vasa
688 3661 772 3704 sacra
786 3649 817 3704 et
835 3639 1010 3702 linteamina
1025 3637 1124 3699 altaris

143 3743 282 3812 tangere,
298 3729 373 3791 citra
388 3735 598 3812 contemptum
614 3750 675 3792 non
690 3739 736 3794 est
748 3731 884 3808 mortale,
901 3729 925 3790 si
936 3745 1029 3788 vacua
1043 3725 1122 3787 sint·

144 3822 184 3893 at,
196 3817 221 3880 si
235 3835 327 3880 causa
342 3817 455 3895 subsit,
468 3837 524 3880 nec
538 3819 667 3884 veniale.
