2552 4204
180 272 239 336 ilo
451 285 604 332 struerent
625 284 707 330 rums
728 281 878 329 circulor.

202 401 205 406 '
220 390 308 468 Resp.
321 389 384 450 Hoc
393 386 517 449 nomine
527 383 679 466 designari
689 381 1004 465 praeteasumaliquod
1013 381 1151 457 liuidum.

181 475 476 558 dcujuspersona,
493 474 659 556 praesertim
681 473 770 534 sexus
783 471 926 549 ieminaei,
949 470 1104 536 inducitur
1125 473 1154 536 in

176 563 335 644 quoddam
344 563 662 638 somnambulismum,
673 567 735 622 tam
745 561 840 623 altum
851 560 987 640 utipsam
998 579 1057 624 nee
1066 563 1156 625 maxi·

182 670 250 715 inus
263 651 364 732 fragor
378 653 415 714 ad
429 653 495 732 eJus
508 669 597 714 aures
611 649 779 732 productus
793 649 831 710 ab
844 665 882 711 eo
893 647 1040 712 suscitare
1048 649 1154 716 valeat.

186 740 282 802 Asolo
291 739 523 821 magnetizatore
532 740 621 802 variis
631 736 922 818 gesticulationibus,
933 736 1158 817 palpationibus

179 834 231 891 aaut
240 829 330 890 etiam
339 829 403 892 selo
418 828 561 892 mandato
575 828 706 901 interno,
722 828 739 888 t
754 825 894 888 distantid
908 825 1042 906 plurium
1055 827 1157 893 leuca-

183 935 250 980 rum
261 916 343 995 dato,
361 917 418 981 hoe
429 916 736 980 somnambulismum
753 913 941 996 producitur.
956 916 1045 977 Tunc
1054 913 1080 979 si
1092 916 1159 980 visi

182 1022 253 1068 voca
277 1014 328 1069 act
345 1006 526 1084 mentaliter,
541 1005 580 1068 de
599 1023 656 1068 suo
679 1003 888 1066 absentiumve
908 1001 965 1065 sibi
981 1003 1160 1084 ignotomm

184 1094 289 1156 morbo
303 1095 516 1176 interrogetur,
531 1094 621 1164 etium
637 1092 768 1168 indocta,
781 1091 863 1154 illico
877 1091 1012 1156 medicas
1032 1091 1160 1158 scientie

183 1182 272 1262 longe
282 1188 416 1264 superat,
428 1201 477 1245 res
486 1182 670 1245 anatomicas
679 1180 904 1243 accuratissimi
917 1181 1067 1259 enuntiat,
1080 1199 1161 1247 mor·

176 1271 290 1334 lterum
306 1273 498 1334 internorum
512 1277 541 1333 et
551 1270 675 1352 cognitu
693 1268 939 1332 difficillimorum
961 1287 1097 1347 causam,
1109 1289 1160 1335 se·

185 1358 267 1434 dem,
285 1367 424 1422 naturam
439 1359 562 1435 indicat,
573 1358 751 1422 eorumdem
763 1375 950 1439 progressus,
965 1359 1160 1440 variationes,

183 1447 428 1528 complicationes
437 1446 559 1510 evolvit:
570 1447 661 1529 idque
674 1445 803 1528 propriis
812 1453 841 1508 et
851 1444 996 1509 technicis
1004 1448 1156 1524 terminis,

186 1535 378 1618 remediaque
390 1535 596 1599 efficacissima
607 1537 753 1617 praecipit.
767 1535 799 1597 Si
813 1534 891 1596 adsit
905 1553 1034 1615 persona
1047 1535 1087 1599 de
1096 1542 1159 1618 qua

186 1626 364 1703 consulitur,
382 1626 559 1688 relationem
578 1625 656 1687 inter
670 1626 806 1706 ipsamet
818 1641 981 1706 personam
1005 1626 1159 1707 magnati-

180 1719 278 1780 ratam
292 1721 432 1778 contactu
446 1714 572 1777 instituit
598 1714 828 1795 magnetizator3
845 1712 869 1774 si
895 1713 965 1775 verd
980 1713 1018 1774 sit
1037 1715 1160 1792 absenS,

189 1803 345 1867 cincinnus
358 1823 396 1866 ex
409 1803 500 1883 huius
514 1804 636 1866 caesarie
645 1821 713 1866 eam
723 1802 843 1884 supplet
856 1807 886 1864 et
899 1801 1007 1864 sufficit
1017 1821 1025 1862 :
1037 1803 1161 1867 admoto

190 1893 267 1955 mim
280 1893 338 1958 hoc
346 1893 489 1956 cincinno
499 1892 537 1954 ad
547 1892 678 1972 palmam
691 1891 909 1973 magnetizatae,
924 1891 1085 1954 confestim
1096 1892 1161 1974 ipsa

188 1982 337 2051 declarare
351 1981 429 2044 valet
442 1982 530 2060 cujus
542 1981 604 2044 sint
618 1980 731 2062 capilli,
747 1980 873 2042 ubinam
882 1987 1017 2050 versetur
1030 1999 1161 2062 persona

193 2075 222 2131 cd
238 2087 331 2151 quarn
345 2069 506 2152 pertinent,
516 2069 590 2152 quid
605 2087 707 2132 rerum
718 2075 795 2150 agat,
806 2075 835 2131 ct
846 2069 926 2132 circa
939 2069 1005 2151 ejus
1016 2071 1161 2134 morbum

192 2160 289 2220 numia
302 2159 485 2221 documenta
500 2166 642 2239 praestare
653 2158 735 2220 haud
750 2158 846 2229 aliter,
863 2157 925 2220 inid
940 2157 1036 2220 mullo
1051 2158 1161 2222 melitis

191 2264 221 2307 rc
239 2247 276 2324 si,
290 2246 478 2311 medicorum
492 2265 589 2324 more,
604 2265 715 2329 corpus
728 2247 792 2330 ipsa
804 2246 1025 2328 introspiceret.

226 2356 326 2419 Oculis
351 2357 460 2420 clausis
487 2361 519 2421 et
530 2357 633 2420 velatis
658 2374 706 2421 res
727 2358 834 2435 carnit,
849 2359 930 2440 legit,
946 2360 1039 2421 etiam
1060 2363 1162 2429 nescia

192 2447 314 2530 egendi,
329 2447 441 2511 librum
468 2449 515 2512 vel
531 2450 644 2511 litteras
669 2448 795 2512 clausas.
812 2451 856 2510 lix
873 2449 932 2512 hoc
957 2452 1161 2516 somnambu·

182 2539 274 2600 lismo
288 2538 412 2618 educta,
427 2539 473 2602 vel
484 2541 570 2619 jussu
590 2542 680 2601 etiam
706 2540 826 2601 interno
849 2540 1161 2622 magnetizatoris,vel

185 2627 270 2707 quasi
286 2634 392 2708 sponte
407 2631 473 2704 sua,
491 2629 556 2709 ipso
570 2627 715 2709 temporis
735 2635 848 2710 puncto
862 2631 879 2692 a
893 2648 925 2692 se
940 2631 1159 2712 praenuntiato,

184 2716 260 2777 nihil
274 2717 450 2780 omninode
464 2717 555 2780 rebus
570 2720 601 2780 in
612 2737 795 2800 paroxysmo
804 2719 943 2800 peractis,
953 2719 1010 2781 sibi
1023 2721 1159 2784 conscire

185 2806 314 2883 ridetur,
325 2807 530 2887 quamtumvis
544 2807 594 2869 ille
608 2808 770 2870 duraverit.

225 2921 269 2982 Ita
281 2920 587 2982 somnambulisrnum
604 2921 808 3002 magneticum
822 2920 946 3003 exponit
959 2923 1160 2987 cancellarius

187 3010 327 3090 Episcopi
348 3010 571 3072 Lausannensis
584 3017 613 3072 et
625 3009 843 3087 Gabenncnsis,
859 3012 895 3072 D.
914 3012 1052 3074 Fontana
1064 3012 1096 3074 in
1109 3015 1158 3076 sul
1271 3087 1272 3094 ,

185 3098 407 3160 consultatione
422 3096 537 3158 directa
548 3097 585 3159 ad
597 3099 628 3160 S.
643 3098 911 3172 Poenitentiariam,
922 3101 959 3160 19
972 3099 1046 3162 maii
1062 3104 1157 3165 1841:

187 3183 414 3332 deiudetquaerit
424 3190 526 3247 utrum
549 3185 755 3248 Confessarius
764 3187 858 3268 possit
871 3186 933 3250 suis
946 3188 1159 3269 poenitentibus

187 3281 297 3357 permut
311 3289 385 3337 erar

231 3399 247 3439 ι
268 3380 350 3443 t⁰Ut
362 3380 769 3462 magnetismumanimalem
781 3382 839 3445 illis
851 3383 1077 3448 characteribus
1086 3383 1160 3450 aliis·

193 3489 208 3528 a
228 3486 289 3550 que
304 3469 454 3532 similibus
469 3471 627 3551 praeditum
644 3478 816 3547 exerceant,
832 3480 978 3553 tanqtam
990 3482 1091 3539 artem
1104 3493 1160 3540 ma

192 3579 207 3614 ι
227 3557 336 3620 dicinae
345 3558 562 3622 auxiliatricem
577 3568 667 3640 atqua
680 3559 915 3641 suppletoriam3

232 3684 248 3722 ι
267 3669 301 3726 2·
320 3667 359 3729 Ut
372 3683 437 3727 sese
449 3666 481 3726 in
496 3666 582 3729 illum
595 3673 706 3730 statum
723 3669 986 3734 somnambulismi
1000 3673 1159 3759 magnetica·

193 3773 209 3810 r
230 3751 649 3832 continendosconsortium
