2574 4198
409 273 411 280 '
485 290 571 334 utura
592 290 749 337 sucuuuus.
1044 273 1099 330 dal

113 411 145 449 -a
165 378 305 450 tutorum
329 394 358 448 ct
378 393 571 460 curatorum,
594 397 801 464 juramentum
826 393 983 470 praestare,
1008 403 1044 446 ac
1065 385 1103 445 de

129 499 145 537 a
166 476 258 537 bonis
270 477 437 537 inventoria
446 474 607 549 conticere,
620 485 649 536 et
659 477 833 549 ordinariis,
849 495 900 536 scu
913 475 978 534 aliis
992 473 1103 554 quibus

130 587 146 623 c
166 564 232 626 haec
246 565 312 625 loca
327 563 466 638 subsunt,
482 564 570 624 annis
584 564 712 644 singulis
726 563 763 626 de
780 563 1037 626 administratione
1049 566 1103 624 sua

131 675 147 716 u
167 653 483 714 teneanturrationetn
492 652 626 714 reddere.
637 675 652 712 u
665 654 822 734 (Clement.
834 651 1101 733 Quiucontinpitl,

127 741 348 821 DeBelipiosis
361 739 486 821 domib.)
501 775 541 786 -·
556 741 667 802 Eadem
689 742 803 822 epocha
817 751 845 803 et
860 745 982 821 propter
995 739 1104 802 similia

128 830 240 893 motiva
255 829 380 891 inducta
393 836 437 890 cst
448 829 640 890 Fabricarum
655 830 884 892 administratio.

168 917 442 980 Matriculariorum
453 919 575 979 nomine
589 918 822 1001 (morpur'lliers)
836 918 903 980 ided
912 919 1007 980 vocati
1021 919 1103 982 luere

127 1006 149 1068 ii
169 1007 283 1089 quibus
304 1023 377 1068 cura
400 1006 550 1069 bonorum
572 1009 713 1070 Ecclesiae
736 1008 793 1069 luit
812 1007 1008 1081 demandata,
1033 1009 1103 1087 quia

125 1103 232 1159 ortum
252 1095 385 1158 habuere
397 1113 435 1158 etr
448 1096 484 1156 iis
497 1097 614 1157 clericis
628 1105 677 1159 aut
696 1096 880 1177 pauperibus
891 1097 944 1177 qui
958 1097 1103 1159 inscribe·
1211 1171 1213 1174 ¹

124 1183 243 1247 bantur
256 1185 421 1246 matriculae
436 1203 490 1246 seu
503 1185 619 1247 tabellae
639 1204 745 1247 eornm
769 1186 821 1266 qui
840 1185 877 1246 ab
897 1185 1102 1248 ecclesiisale·

128 1273 261 1346 bantur,
276 1292 313 1337 ax
327 1275 437 1354 quibus
451 1273 551 1336 selecti
571 1274 692 1336 luerunt
713 1274 845 1355 primum
865 1277 917 1355 qui
933 1275 1036 1337 munia
1047 1295 1101 1350 exe

127 1369 216 1424 terna
231 1363 263 1424 in
276 1363 410 1426 ecclesiis
423 1363 640 1441 adimplerent,
654 1382 704 1425 eas
715 1364 918 1436 custodirent,
941 1369 1102 1441 ornarent,
1140 1433 1142 1438 ,

127 1468 295 1532 campanas
313 1452 484 1534 pulsarent,
514 1460 593 1528 eto.,;
627 1453 679 1513 sed
700 1461 803 1534 postea
821 1453 1001 1533 amplificata
1020 1453 1103 1515 lucre

129 1539 255 1602 illorum
270 1557 396 1602 munera
414 1540 523 1602 otveri
538 1540 792 1602 administratores
806 1541 956 1603 bonorum
970 1542 1103 1605 ecclesiae

129 1626 231 1690 affecti
241 1629 336 1704 lucre,
351 1646 470 1709 semper
483 1636 583 1690 tamen
593 1629 791 1706 jurisdictioni
803 1632 1102 1710 Episcoporumsub-

128 1718 212 1796 jacti,
225 1723 316 1799 prout
327 1718 430 1780 multis
442 1726 557 1780 constat
567 1726 595 1779 et
606 1719 770 1798 praesertim
779 1737 815 1779 ex
823 1719 913 1778 Gonu.
925 1717 1006 1779 Trid.
1018 1720 1101 1794 (sess.

129 1811 181 1880 22,
193 1827 221 1868 u.
236 1805 320 1885 9,De
332 1806 424 1888 rcf.):
445 1829 460 1866 u
476 1806 737 1867 administratores
744 1805 806 1867 tam
814 1805 1003 1867 ecclesiastici
1011 1809 1103 1887 quam

134 1918 149 1953 u
172 1895 240 1957 laici
255 1895 388 1957 Fabricae
402 1897 534 1974 quusvis
548 1895 695 1970 ecclesiae,
711 1895 802 1955 etiam
816 1894 1018 1968 Cathedralis,
1033 1895 1103 1957 hos-

133 1984 292 2065 upitalis‚
317 1984 584 2060 confraternitatis,
608 1984 827 2064 eleemosynae,
852 1983 962 2045 Montis
984 1983 1104 2048 Pietatis

135 2081 203 2135 eet
226 2091 489 2154 quorumcumque
519 2071 654 2134 locorum
685 2073 820 2152 piorum,
846 2073 973 2153 singulis
995 2076 1102 2151 annis,

134 2185 150 2221 u
171 2159 328 2224 teneantur
340 2161 459 2224 reddere
471 2163 614 2223 rationem
634 2162 901 2223 administrationis
921 2161 1101 2235 Ordr'nurio,

134 2275 151 2309 u
172 2251 443 2314 consuetudinibus
457 2258 486 2312 et
499 2251 661 2331 privilegiis
675 2251 918 2332 quibuscumque
936 2252 967 2312 in
984 2263 1104 2314 contra·

134 2363 150 2399 u
174 2341 256 2402 rium
277 2339 420 2416 sublatis,
438 2340 495 2400 nisi
514 2342 600 2401 sccits
615 2339 690 2401 l'ortc
705 2342 735 2400 in
755 2340 966 2402 constitutione
980 2351 1008 2402 et
1023 2343 1103 2404 ordi·

115 2475 120 2482 .
133 2453 152 2489 u
173 2429 296 2491 natione
308 2429 374 2489 talis
385 2428 518 2490 ecclcsiae
533 2446 586 2490 seu
599 2429 730 2489 Fabricae
743 2430 883 2508 expresse
896 2438 1017 2490 cautum
1031 2430 1104 2492 fuis·

117 2543 152 2578 u
171 2527 238 2596 sct;
253 2518 337 2600 qudd
351 2519 391 2594 si,
403 2535 441 2580 ax
454 2517 672 2580 consuetudine
688 2525 739 2578 aut
754 2517 929 2597 privilegio,
944 2517 1009 2578 aliis
1023 2520 1104 2581 adid

133 2633 151 2670 u
171 2608 324 2690 deputatis
343 2608 418 2668 ratio
435 2606 588 2668 reddenda
607 2614 704 2682 esset,
727 2613 801 2667 tunc
819 2605 996 2667 adhibeatur
1014 2609 1104 2670 etiam

135 2723 152 2758 u
172 2699 350 2760 Ordinarins
363 2715 372 2757 ι
387 2701 418 2758 et
428 2696 513 2757 aliter
526 2695 610 2757 factae
623 2694 812 2756 liberationes
823 2694 910 2757 dictis
919 2695 1105 2760 administra·

135 2811 153 2850 u
172 2788 291 2849 toribus
305 2785 431 2846 minime
444 2784 655 2864 suffragentur.
671 2805 686 2842 u

121 2923 126 2930 ·
172 2876 237 2940 tatst
249 2893 332 2938 nuno
346 2876 377 2935 in
391 2874 483 2936 Gallia
498 2873 753 2935 administratores
763 2870 956 2932 Fabricarum
971 2891 1032 2934 non
1046 2877 1106 2937 sint

132 2966 263 3032 omnino
283 2963 520 3044 independentes
543 2961 581 3046 alt
603 2959 777 3022 auctoritate
799 2959 980 3039 episcopati,
1003 2967 1104 3025 tamen

132 3057 269 3120 Fabricoe
283 3059 393 3115 nostrae
412 3071 474 3114 non
497 3049 628 3131 amptius
641 3057 712 3110 sunt
730 3047 821 3109 hodie
834 3047 1106 3114 administrationes

130 3144 343 3210 ecclesiastica
358 3143 478 3224 proprie
491 3141 597 3202 diotae:
612 3139 711 3218 potius
723 3139 805 3199 enim
819 3137 954 3220 seculari
969 3142 1105 3218 potestati
1171 3163 1173 3167 ’

129 3237 306 3304 aubduntur
324 3235 417 3313 quam
439 3229 584 3310 spirituali
605 3229 772 3289 auctoritati
793 3245 801 3287 ε
824 3229 909 3305 iuxta
929 3227 1012 3288 enim
1033 3229 1106 3308 legis

131 3326 228 3390 uirilis
245 3323 420 3406 praesuripta
442 3321 656 3391 instituuntur,
680 3317 876 3397 regnantur,
897 3315 1106 3382 administrant

131 3415 213 3478 bona
225 3429 233 3474 ι
244 3428 309 3475 uno
322 3410 414 3471 verbo
426 3409 553 3470 omnino
563 3406 720 3484 subjacent
732 3404 933 3466 decisionibus
947 3406 1104 3484 Gubernii‚

121 3510 162 3567 *et
174 3499 278 3585 quoad
292 3516 398 3561 eorum
412 3495 601 3559 existentiam
614 3502 645 3556 et
654 3493 753 3574 quoad
765 3509 872 3554 omnes
882 3493 1000 3555 illorum
1013 3495 1107 3557 admi·

131 3589 319 3655 niatrationis
339 3593 433 3649 actus.
459 3584 542 3646 ldem
556 3590 601 3644 est
613 3582 776 3644 dicandum
787 3582 825 3643 de
839 3582 1105 3644 administrationi·

131 3682 188 3745 bus
203 3666 401 3760 hospitalium
418 3691 486 3755 quae
502 3671 629 3734 omnino
649 3672 731 3732 laicae
743 3670 822 3751 apud
838 3673 893 3732 nos
906 3672 1019 3732 effectae
1034 3677 1106 3734 sunt

123 3775 158 3833 et
170 3772 190 3834 a
203 3769 271 3832 solt
282 3764 456 3828 auctoritate
470 3762 548 3824 civili
564 3761 790 3823 constituuntur
803 3765 833 3820 et
846 3769 1002 3839 reguntur.
