2604 4196
408 311 411 318 ·
472 297 556 342 unm
578 299 735 348 sncunous.
1036 273 1103 350 555³

107 391 211 452 modis
224 393 388 564 qefflus
402 395 469 457 vide
482 405 618 460 auctores
632 401 650 460 a
662 402 798 464 Ferrario
812 403 918 466 citatos
931 406 973 478 (v0
983 403 1093 484 Sepul-

112 491 198 556 rura,
216 499 235 542 n
342 530 349 545 .

153 581 215 655 An,
238 580 323 656 juxta
344 582 600 663 praescriptionem
625 605 780 650 sacrorum
803 607 974 664 canonum,
990 591 1093 654 exhu-

114 667 188 727 mari
210 666 343 730 debeant
355 670 498 733 cadavera
518 672 733 738 defunctorum
747 677 799 756 qui
813 679 944 740 indebite
967 681 996 742 in
1013 683 1095 742 terra

114 758 218 816 sancta
247 757 356 836 sepulti
380 756 519 832 luerunt,
547 763 614 825 ride
637 764 803 826 resolutum
830 767 861 826 in
886 767 1047 846 Munuah',
1077 768 1098 826 a

114 850 147 902 n·
161 847 258 921 turo,
272 852 329 907 etc.

489 1115 636 1184 CAPUT
661 1119 722 1187 VI.

417 1281 469 1330 DE
494 1281 612 1329 Locis
638 1285 789 1334 sucum.

543 1511 629 1572 Artr.
652 1511 676 1571 Ι.

156 1651 231 1706 omn
242 1645 311 1699 surr
323 1651 396 1699 roca
409 1652 511 1713 sucus,
522 1653 559 1696 un
571 1653 670 1700 ronurr
684 1653 883 1705 rnrrourrrrn
896 1655 933 1699 ur
947 1656 1053 1700 roam.

160 1795 274 1852 Μ).-
291 1795 312 1853 t.
329 1794 386 1854 Per
400 1791 464 1854 loca
478 1809 562 1854 sacra
577 1791 704 1871 intelligi
718 1791 831 1851 dehent
844 1793 978 1854 ecclesiae
993 1799 1021 1854 et
1035 1811 1102 1856 coe·

121 1881 266 1956 meteria,
278 1883 317 1942 de
331 1880 510 1942 coemeteriis
522 1880 654 1940 diximus
669 1880 699 1939 in
714 1881 811 1960 capite
825 1880 1015 1960 praecedenti.

160 1979 294 2038 Nomine
308 1976 452 2039 Ecclesr'oe
465 1975 639 2058 designatur
654 1975 738 2038 locus
753 1994 806 2038 seu
820 1976 919 2058 potius
934 1976 1102 2040 aediticium

120 2066 173 2129 uhi
187 2067 374 2128 conveniunt
387 2065 490 2128 fideles
513 2072 545 2128 ut
564 2065 673 2126 divinis
692 2065 843 2147 sacrisque
861 2065 952 2128 rebus
973 2085 1102 2148 operam

120 2159 275 2235 praestent.
291 2155 388 2216 Variis
401 2155 466 2216 aliis
479 2155 653 2216 nominihus
664 2155 798 2216 ecclesia
811 2161 992 2236 nuncupatae
1004 2164 1095 2217 sunt.-

121 2251 268 2305 vocantur
278 2245 361 2306 enim
375 2243 515 2318 oratoria,
528 2244 597 2324 quia
611 2251 682 2304 sunt
696 2243 844 2324 imprimis
858 2243 923 2305 loca
937 2246 1101 2320 orationis;.

121 2331 296 2394 hortamen
311 2351 422 2395 nomeu
443 2330 496 2393 fuit
511 2339 614 2412 postea
629 2333 728 2410 parvis
746 2332 880 2394 ecclesiis
902 2343 1094 2396 reservatum.

121 2422 277 2482 Vocantur
289 2422 380 2482 ctiam
394 2419 544 2495 Burilicoe,
558 2420 680 2501 quando
695 2420 859 2500 praesertim
873 2429 944 2481 sunt
959 2439 1095 2502 magnae,

121 2516 152 2570 ct
166 2509 224 2571 hoo
237 2517 360 2590 propter
373 2509 603 2570 similitudinem
618 2527 688 2571 cum
702 2509 855 2589 regalibus
868 2509 959 2580 eulisr
975 2512 1095 2592 templa,

122 2597 207 2678 quod
221 2616 333 2659 nomen
349 2600 365 2658 a
379 2597 459 2678 funis
470 2597 660 2658 ethnicorum
674 2598 842 2673 derivatur,
858 2600 916 2659 eta
931 2598 1103 2661 christianis

123 2704 186 2747 nou
198 2685 253 2748 luit
263 2693 442 2765 usurpatum
452 2685 507 2746 nisi
519 2688 556 2746 lV
568 2687 908 2756 saeculo;denominalae
917 2687 998 2749 luere
1008 2690 1097 2750 etiam

124 2775 287 2856 martyrio,
303 2773 459 2854 apostolae,
474 2781 546 2849 eto,
560 2775 596 2835 ed
611 2775 693 2854 quod
708 2793 787 2854 saepe
802 2776 832 2835 in
854 2775 1001 2836 honorem
1016 2779 1097 2837 Mar-

124 2870 242 2942 tyrum,
261 2863 488 2943 Apostolorum,
504 2868 576 2936 eto,
590 2861 833 2937 aerlificahuntur;
852 2863 938 2922 tituli
949 2864 988 2922 oh
1000 2883 1101 2926 sacer·

123 2950 210 3012 dotes
222 2952 275 3030 qui
290 2969 397 3012 eorum
412 2951 531 3012 servitio
550 2950 683 3010 obstricti
698 2957 802 3024 erant;
819 2953 1014 3013 nominantur
1028 2962 1097 3016 tan-

123 3037 195 3100 dem
214 3038 345 3113 surella,
370 3038 507 3120 rapollen,
531 3039 717 3098 Dominieum
738 3057 789 3099 seu
811 3039 921 3100 domus
936 3042 1006 3115 Dei,
1022 3051 1100 3120 elce,

124 3126 242 3209 capella
259 3147 315 3190 vox
327 3127 477 3190 derivatur
489 3127 508 3189 h
519 3127 610 3208 coppo
624 3129 655 3188 S.
676 3127 794 3189 Martini
810 3147 878 3208 quae
895 3132 1094 3196 asservabatur

128 3215 158 3276 iu
179 3217 312 3278 oratorio
336 3217 453 3297 Regum
481 3216 790 3296 Meroringianorum,
817 3215 897 3277 unde
920 3216 961 3278 illi
986 3240 1099 3284 nomen

126 3303 249 3385 capettae
263 3304 393 3366 inditum
414 3303 491 3382 fuit,
508 3311 653 3385 etpostea
674 3313 832 3368 extensum
852 3305 1009 3370 adomnia
1031 3329 1098 3373 ora·

128 3393 213 3456 toria.

166 3496 310 3560 ucctesrae
330 3495 399 3558 aliae*
415 3500 486 3557 sunt
504 3496 657 3571 matrices,
673 3497 743 3576 quia
761 3516 797 3558 ex
816 3498 852 3560 iis
872 3500 937 3563 aliae
957 3503 1102 3568 institutae

129 3585 212 3649 lucre
225 3591 278 3646 aut
291 3585 394 3666 aliquo
408 3583 498 3646 modo
511 3591 582 3645 sunt
595 3585 651 3646 suh
666 3586 798 3664 ipsarum
814 3591 1001 3666 auctoritate,
1018 3594 1100 3654 unde

128 3674 239 3750 filiales
261 3673 423 3734 dicuntur:
447 3673 512 3733 aliae
535 3680 605 3734 sunt
633 3675 865 3750 Patrim‘chales,
894 3677 1098 3751 Primatiates,

128 3762 375 3843 Metropolitanro,
390 3759 589 3837 cathedrales,
606 3761 790 3840 Collegiales,
804 3765 999 3844 parochiales,
1014 3784 1104 3842 regu·
