2618 4212
553 253 712 300 screnum.
1069 239 1126 302 {39

141 365 270 435 babitae,
284 373 314 427 et
328 363 473 428 adfinem
491 367 675 447 perducitur
687 388 724 433 eo
740 370 887 447 consilio,
903 379 937 433 ut
952 371 1041 433 omni
1058 380 1128 435 stu·

141 454 195 517 dio
209 463 305 534 atque
328 457 494 535 prudentia
518 459 630 519 veritas
656 457 831 538 detegatur,
852 469 882 523 et
902 461 1040 539 cognitio
1061 470 1126 522 tum
1204 451 1206 456 ’
1284 529 1286 540 ,

140 542 297 620 criminis,
327 561 400 606 cum
424 545 543 610 reitetis
565 556 620 610 aut
648 548 838 612 innocentiae
865 551 1013 627 accusati,
1038 567 1127 612 erur-

139 641 205 712 gat.

503 880 547 888 Η
613 811 658 862 xn

177 928 510 1000 Processusconlectio
518 938 675 1024 committi
691 946 792 1018 potest
807 939 902 1001 alicui
919 937 1018 1020 probo
1031 947 1125 1020 atque

142 1026 259 1089 idoneo
280 1025 501 1100 ecclesiastico,
519 1026 666 1090 adstante
681 1027 844 1090 Actuario.

598 1201 654 1250 xttt

190 1319 366 1401 Unicuique
376 1317 477 1381 Curiae
487 1337 568 1402 opus
581 1329 629 1383 est
641 1319 845 1384 procuratore
857 1319 954 1382 liscali
970 1339 1028 1402 pro
1036 1322 1126 1402 justi-

143 1407 196 1471 tiae
216 1417 246 1470 et
260 1407 336 1488 legis
351 1407 458 1472 tutela.

559 1627 561 1632 Ι
610 1568 662 1614 xrv

184 1684 407 1765 Quatenuspro
420 1683 734 1756 intimationibuseut
750 1683 1125 1756 notificationibushaud

144 1782 260 1858 praesto
274 1773 313 1835 sit
326 1772 657 1855 operadpparitorum
678 1770 791 1847 Curiae,
813 1773 979 1854 suppletur
1000 1774 1126 1836 exhibi-

145 1863 232 1926 tione
245 1864 429 1924 eerumdem
458 1859 613 1933 explenda
631 1864 684 1942 p&
713 1861 925 1942 qualificatam
946 1880 1124 1943 personam,

145 1969 218 2034 quae
243 1949 282 2012 de
314 1949 396 2012 lacto
419 1949 582 2026 certioret3
612 1949 678 2012 sire
707 1967 760 2012 eas
783 1949 1037 2026 transmittendo,
1067 1968 1127 2027 ope

144 2037 432 2110 commendationis
455 2056 553 2120 penes
575 2037 813 2101 tabellariorum
838 2039 989 2114 officium,
1011 2038 1073 2101 illis
1095 2040 1126 2101 in

148 2129 227 2191 locis
240 2129 272 2188 in
287 2127 404 2209 quibus
418 2123 481 2190 boc
496 2126 633 2190 invaluit
647 2131 794 2208 systema,
804 2122 805 2126 ’
817 2127 1016 2208 exposcendo
1032 2127 1126 2192 tidem

146 2215 363 2294 exhibitionis,
378 2215 568 2296 receptionis
584 2224 637 2278 aut
650 2215 787 2297 repudii.

619 2410 659 2457 XV

187 2529 275 2591 Basis
289 2524 361 2590 lacti
373 2526 534 2589 criminosi
550 2527 698 2589 constitui
711 2535 809 2607 potest
827 2546 880 2606 per
895 2528 1123 2608 expositionem

146 2619 181 2682 in
195 2633 358 2696 processus
369 2614 916 2690 habitam,authenticisroboratam
927 2615 1124 2681 informatio·

146 2709 244 2770 nibus
264 2713 319 2768 aut
337 2702 590 2767 confessionibus
608 2702 915 2782 ertraJudicialibuS,
934 2704 982 2767 rel
998 2707 1124 2768 testium

146 2795 410 2876 depositionibus
430 2799 461 2856 et
479 2792 585 2874 quoad
607 2791 736 2854 titulum
759 2792 1016 2872 transgressionis
1045 2813 1126 2876 prte-

147 2883 231 2962 cepti
252 2889 374 2944 constat
389 2900 442 2960 per
462 2899 580 2942 novam
607 2879 836 2942 exhibitionem
852 2879 968 2942 decreti
992 2890 1022 2942 et
1037 2892 1125 2946 actus

148 2971 342 3120 infflctionis,
373 2972 583 3052 perlectorum
608 2966 711 3031 modis
725 2967 902 3032 enuntiatis
929 2977 992 3033 art.
1025 2968 1080 3032 Vll
1098 2983 1127 3034 ct

153 3063 176 3118 V
224 3107 230 3120 .

613 3198 665 3245 xvt

189 3318 235 3380 Ad
250 3315 447 3379 retinendam
461 3317 492 3376 in
507 3316 610 3395 speeie
625 3313 875 3393 culpabilitatem
896 3317 1032 3379 accusati
1047 3337 1128 3401 opus

149 3415 197 3470 est
223 3405 409 3488 probatione
437 3403 542 3484 legali,
572 3421 644 3485 quat
673 3403 747 3465 talia
769 3405 931 3467 continere
950 3405 1043 3469 debet
1065 3408 1127 3470 ele·

149 3501 270 3572 menta,
292 3505 327 3558 ut
341 3493 502 3556 veritatem
528 3492 653 3554 evincat
678 3500 732 3554 aut
747 3492 855 3554 saltem
876 3492 1006 3556 inducat
1029 3515 1127 3558 mora·

148 3584 213 3648 lem
225 3582 460 3658 certitudinem,
476 3587 596 3644 remoto
610 3580 642 3642 in
659 3581 851 3643 contrarium
867 3583 975 3662 queris
990 3585 1128 3648 rationa-

151 3671 209 3736 bili
230 3670 340 3734 dubio.

211 3805 238 3844 r.
256 3803 290 3844 tr.
1026 3796 1056 3846 te
