2590 4208
503 312 590 358 uranu
610 313 745 359 rannus.
1092 298 1109 359 7

21 411 22 414 ¹
135 429 171 492 V.
198 426 295 488 etiam
315 422 555 504 responsionem
572 422 722 504 adEpiac.
738 422 970 486 Nannetensem
982 422 1022 485 88
1038 431 1096 487 no'v

137 516 247 668 ΙΙ888.
265 600 298 664 2⁰
311 600 464 664 Votorum
479 599 661 662 solemnitas
676 618 740 663 uon
749 609 850 684 potest
865 603 958 664 unice
978 602 1113 682 pendere
1140 662 1143 671 .

134 689 389 757 aconstitutione
400 687 557 766 Ecclesiae,
570 689 647 768 quin
664 689 783 768 abipsa
800 691 916 770 pariter
931 689 1065 770 pendeat
1081 687 1113 750 id

134 776 1115 860 omnequodipsiusjudicio,hancsolemnitatemdebetcons-

136 873 265 932 titucre.
288 865 422 929 Proinde
442 865 481 926 ad
496 865 666 928 Ecclesiam
688 868 822 948 pertinet
832 877 967 929 statuere
984 868 1113 947 incapa-

134 961 267 1021 citatem
290 954 477 1017 voventibus
491 954 696 1016 inhaerentem
712 955 816 1018 valide
837 954 1043 1018 contrahendi
1060 973 1112 1016 ra·

137 1049 201 1108 rios
217 1054 306 1107 actus
321 1041 503 1124 hujusmodi
520 1043 601 1104 rotis
615 1044 795 1125 oppositos;
811 1053 842 1106 et
858 1045 888 1105 id
901 1043 1030 1125 quidem
1047 1061 1112 1104 non

136 1136 284 1196 obstante
294 1132 378 1194 civili
396 1139 547 1213 potestate
561 1133 754 1194 contrarium
768 1131 948 1208 ordinante,
965 1151 1038 1194 curu
1050 1131 1112 1194 Ec·

133 1223 233 1284 clesia
252 1221 293 1283 sit
318 1222 450 1283 omnino
475 1219 691 1300 independens
719 1237 737 1283 a
757 1221 900 1283 saeculari
924 1220 1110 1282 auctoritate

134 1309 244 1392 quoad
272 1309 394 1390 objecta
417 1309 513 1369 finem
538 1309 735 1389 spiritualem
762 1310 946 1390 spectantia.
975 1308 1111 1371 Proinde

136 1420 201 1467 uon
222 1399 325 1462 solum
349 1395 526 1459 invalidum
547 1404 627 1458 esset
642 1397 879 1462 matrimonium
895 1417 912 1460 a
929 1396 1112 1460 solemniter

136 1488 279 1571 professo
300 1493 509 1561 contractum,
525 1486 578 1548 sed
599 1485 680 1548 nulli
696 1485 839 1549 absolute
863 1505 899 1548 ac
915 1486 993 1547 irriti
1008 1494 1110 1548 essent

134 1595 247 1639 omnes
262 1583 350 1636 actus
365 1572 576 1654 proprietatis,
599 1573 639 1635 ab
663 1574 773 1637 eodem
789 1575 919 1655 peracti,
937 1582 1110 1653 quantum-

135 1667 183 1728 vis
198 1663 297 1726 validi
315 1663 415 1743 ajure
435 1661 518 1723 civili
534 1661 611 1723 alias
627 1661 830 1724 haberentur.
851 1661 902 1724 Sic
923 1661 1110 1740 intelligitur

132 1752 310 1836 quomodo,
325 1752 420 1812 etiam
436 1750 468 1811 in
484 1749 594 1826 Gallia,
611 1767 675 1812 non
690 1749 835 1813 obstante
850 1749 917 1828 lege
937 1749 1031 1824 civili,
1056 1768 1107 1812 so-

133 1843 253 1906 lemnia
267 1857 333 1902 esse
350 1846 482 1919 possunt
505 1847 578 1900 vota
592 1838 796 1917 Jesuitarum,
812 1838 1106 1914 carthusianorum,

132 1929 430 2003 benedictinorum,
451 1927 706 2008 Trappistarum,
722 1927 1009 2009 Cappuccinorum,
1026 1935 1106 2003 etc.;

131 2017 296 2100 quomodo
320 2017 436 2098 pariter
455 2035 471 2076 a
492 2014 523 2077 S.
552 2015 630 2077 Sede
657 2016 811 2078 solemnia
827 2024 1013 2098 reputentur
1034 2023 1107 2078 vota

130 2107 321 2170 monialium
339 2107 370 2165 in
386 2103 546 2166 Sabaudia
564 2105 641 2167 etin
660 2104 787 2167 dioecesi
802 2105 950 2179 Niciensi‚
966 2105 1023 2166 etsi
1039 2106 1106 2186 ipsa

130 2197 207 2259 talia
223 2212 288 2281 non
303 2193 420 2255 habeat
431 2201 501 2256 vota
514 2194 628 2256 emissa
642 2194 674 2254 in
688 2195 808 2257 caeteris
823 2194 932 2257 Galliae
943 2203 1105 2256 monaste-

131 2285 187 2346 riis
203 2281 243 2344 ad
259 2281 367 2344 eadem
384 2281 529 2344 Instituta
546 2282 786 2362 pertinentibus.

170 2371 236 2434 Nisi
247 2373 331 2432 enim
348 2378 382 2433 ut
396 2377 479 2432 certa
497 2370 563 2432 haee
576 2379 753 2444 teneantur,
764 2370 936 2434 dicandum
952 2372 1010 2434 erit
1025 2390 1104 2452 pen-

129 2461 206 2523 dere
222 2477 240 2520 a
255 2477 458 2542 quocumque
476 2457 636 2522 Gubernio
661 2461 828 2540 temporali
847 2459 933 2540 quod
949 2459 1104 2521 solemnia

131 2555 292 2629 nequeant
306 2565 373 2608 esse
387 2557 457 2608 rota
471 2547 617 2626 religiosa
630 2555 725 2630 prout
740 2547 794 2610 illa
809 2548 941 2609 existere
957 2547 1025 2608 vult
1045 2547 1106 2608 Ec·

129 2639 238 2711 etesia,
256 2653 371 2716 nempe
386 2653 458 2697 cum
474 2635 617 2696 absoluta
637 2637 842 2716 incapacitate
856 2635 1105 2715 bonatempora·

130 2727 174 2788 lia
196 2724 346 2786 habendi.
371 2727 467 2786 Porro
493 2741 659 2804 nunquam
681 2724 821 2786 Ecclesia
842 2725 964 2787 censuit
988 2732 1105 2786 statum

129 2814 315 2893 religiosum
335 2811 379 2872 sic
393 2830 460 2874 esse
475 2812 534 2873 sub
550 2809 759 2892 dependentia
774 2813 957 2894 principum
984 2819 1104 2892 tempo·

130 2903 248 2966 ralium
265 2921 272 2962 :
289 2901 454 2982 incapaces
469 2901 552 2961 enim
568 2899 664 2961 habet
678 2917 787 2963 omncs
811 2899 971 2980 regulares
991 2899 1103 2961 solem·

129 2991 215 3057 niter
236 2987 402 3070 professos,
419 2988 515 3049 etiam
526 2989 558 3049 in
580 2987 754 3050 ditionibus
769 2988 991 3050 haereticorum
1007 2996 1037 3047 et
1052 2987 1104 3048 in-

128 3077 288 3152 fidelium,
301 3077 504 3157 quantumvis
518 3077 651 3139 civiliter
664 3093 795 3158 capaces
812 3075 993 3158 possidendi
1015 3076 1044 3136 in
1061 3077 1105 3138 eis

130 3165 312 3246 regionibus
327 3165 515 3226 habeantur.

171 3259 241 3316 929.
265 3253 298 3316 3⁰
312 3252 358 3313 Ex
373 3252 465 3314 dictis
479 3252 667 3331 intelligitur
681 3271 738 3316 cur
752 3261 825 3316 vota
840 3253 995 3316 solemnia
1010 3256 1041 3316 in
1057 3271 1106 3318 or-

131 3345 208 3407 dine
222 3341 263 3404 eb
278 3341 418 3403 Ecclesia
434 3341 547 3403 adhoc
562 3342 738 3422 specialiter
754 3341 929 3424 approbato
942 3343 1004 3405 sint
1019 3345 1106 3406 emit·

133 3431 238 3500 tenda.
260 3430 285 3492 A
310 3429 446 3492 concilio
461 3429 548 3491 enim
568 3431 770 3492 Lateranensi
793 3431 830 3492 lV
845 3429 1005 3494 decretum
1022 3431 1102 3495 fuit:

136 3544 152 3578 a
172 3519 372 3597 Quicumque
388 3517 427 3578 ad
441 3517 625 3598 religionem
641 3518 782 3579 converti
794 3519 941 3594 voluerit,
959 3539 1055 3582 unam
1065 3521 1105 3584 de

131 3633 147 3671 a
172 3605 358 3691 approbatis
372 3614 523 3669 assumat.
541 3604 691 3668 Similiter
715 3605 894 3686 religiosam
915 3608 1046 3670 domum
1065 3609 1104 3670 de

133 3722 148 3760 a
174 3713 258 3760 novo
279 3693 429 3774 tundere,
446 3694 589 3775 regulam
614 3703 642 3756 et
662 3695 891 3758 institutionem
914 3697 1047 3777 accipiat
1065 3695 1105 3759 de

132 3809 148 3850 ι
172 3783 355 3871 approbatis
374 3801 405 3846 a.
418 3783 514 3848 Porro
537 3781 568 3847 S.
586 3783 680 3849 Sedes
702 3793 737 3847 ut
751 3783 905 3848 solemnia
920 3803 984 3847 non
1008 3784 1105 3848 hebet
