2590 4208
185 255 225 317 80
453 267 608 312 66666666
629 265 710 312 runis
730 266 878 312 csnomcr.

187 372 258 434 dern
284 367 441 450 possidere
460 385 572 431 omnes
591 368 750 448 regulares
767 365 919 440 ordines,
945 367 1160 451 ipsasmetque

188 457 350 533 moniales,
367 456 462 518 modo
476 457 659 522 corumdem
673 455 909 538 privilegiorum
933 457 996 518 sint
1014 475 1156 539 capaces,

225 545 297 608 Haec
316 545 577 622 communicatio,
606 546 710 626 inquit
742 543 961 620 Reiffenstual,
992 547 1094 608 currit
1121 546 1160 609 de

188 635 322 698 Praelatis
343 633 382 696 ad
406 633 568 708 Praelatos,
591 633 631 696 de
653 632 804 696 fratribus
824 633 956 714 privatis
982 633 1021 696 ad
1049 633 1161 697 fratres

187 723 335 805 privatos,
351 721 391 783 de
404 721 613 784 conventibus
628 720 668 784 ad
682 728 866 797 conventus,
880 719 920 782 de
936 719 1160 784 festivitatibus

184 811 224 873 ad
249 810 429 874 festivitates
450 831 458 872 :
477 810 534 871 nisi
551 819 657 875 tamen
676 809 875 889 privilegium
900 809 950 872 vel
977 809 1073 873 alicui
1094 811 1161 873 reli·

185 899 284 980 gioso,
300 897 349 960 rel
373 898 465 960 alicui
490 897 652 972 Ecclesiae,
673 897 716 960 ob
731 897 887 959 rationem
909 897 1105 978 specialem,
1121 899 1162 962 sit

185 987 361 1070 proprium,
378 987 426 1048 vel
439 987 479 1048 sit
494 986 533 1048 ad
549 996 684 1068 tempus,
707 992 762 1048 aut
779 992 894 1048 ¹contra
908 984 1031 1048 ordinis
1046 991 1162 1050 consti·

185 1076 332 1138 tationes.

172 1189 176 1198 ·
222 1161 354 1238 Quando
374 1161 573 1242 privilegium
589 1161 683 1224 alicui
702 1159 806 1224 ordini
826 1177 1010 1224 concessum
1024 1180 1161 1226 revoca-

186 1259 237 1314 tur
250 1250 356 1330 quoad
372 1251 489 1330 ipsum,
507 1268 570 1312 non
586 1249 658 1312 idco
669 1249 772 1330 quoad
787 1247 865 1311 alios
879 1260 1053 1314 revocatur.

224 1337 486 1418 congregationes
505 1346 650 1401 votorum
664 1337 856 1419 simplicium
878 1337 1050 1419 privilegiis
1073 1339 1161 1403 ordi-

184 1445 262 1490 num
277 1434 422 1488 votorum
451 1426 640 1488 solemnium
661 1429 725 1488 non
749 1426 986 1488 communicant
1013 1447 1020 1489 :
1046 1437 1078 1491 et
1098 1429 1161 1494 hoc

184 1515 341 1597 imprimis
355 1523 401 1576 est
414 1513 582 1577 dicendum
599 1514 703 1596 quoad
725 1515 939 1595 exemptiones
962 1516 1003 1576 ab
1018 1516 1159 1580 Ordina-

183 1605 231 1668 rio
246 1603 302 1688 ¹vel
315 1604 463 1686 parocho.
481 1603 625 1666 Attamen
637 1601 768 1685 professi
790 1613 934 1665 votorum
949 1604 1159 1685 simplicium,

184 1694 216 1754 in
240 1693 405 1756 ordinibus
429 1693 459 1753 iu
481 1693 597 1772 quibus
619 1691 771 1773 professio
792 1691 941 1754 solemnis
965 1691 1155 1775 admittitur,

184 1783 353 1864 participes
367 1781 775 1858 suntornniumgratiarum
789 1787 820 1840 et
835 1779 1071 1860 privilegiorum
1084 1785 1157 1864 qui-

186 1871 244 1933 bus
258 1869 396 1950 gaudent
411 1868 593 1932 solemniter
608 1868 739 1949 professi
754 1868 920 1948 (Manuale,
942 1876 976 1930 u·
987 1871 1081 1946 2590,
1096 1873 1155 1954 5⁰);

183 1967 213 2022 et
238 1958 391 2022 moniales
416 1965 648 2034 conventuum,
678 1957 850 2038 inquibus
876 1957 942 2020 sola
964 1960 1156 2024 emittuntur

183 2049 337 2129 simplicia
352 2056 435 2122 vota,
447 2047 585 2126 gaudent
598 2045 899 2127 pariterprivilegiis
913 2046 1031 2128 quibus
1046 2049 1158 2114 fruun-

183 2143 234 2200 tur
248 2136 361 2199 domus
380 2137 520 2217 ejusdem
541 2136 662 2198 ordinis
676 2137 708 2197 in
724 2136 906 2215 regionibus
928 2135 982 2198 ubi
1002 2138 1156 2203 solemnis

183 2225 333 2307 professio
348 2225 533 2299 admittitur,
550 2224 637 2287 salvo
652 2233 757 2287 tamen
773 2225 935 2288 tertiorum
945 2226 1033 2306 jure,
1051 2248 1083 2292 v.
1106 2249 1154 2308 gi.

147 2326 152 2342 ¹
182 2313 419 2379 ordinariorum
449 2332 485 2374 ac
509 2313 730 2394 parochorum.
758 2311 807 2393 (V.
832 2313 888 2376 Des
918 2315 1153 2394 Communantds,

183 2413 255 2476 etc,
272 2401 310 2462 n¹·
327 2405 400 2478 696,
416 2400 503 2484 697.)

222 2495 309 2555 1668.
333 2490 505 2553 dicendum
521 2489 552 2552 2⁰
567 2498 709 2554 revocata
725 2489 820 2554 fuisse
835 2509 853 2553 a
867 2492 1009 2558 Concilio
1024 2496 1155 2562 Triden-

182 2580 366 2643 tinoomnia
376 2580 567 2653 regularium
582 2579 746 2660 privilegia
756 2579 875 2644 eisdem
887 2589 980 2644 antea
990 2602 1154 2661 concessa,

182 2688 252 2750 quae
274 2667 516 2730 adversabantur
530 2668 662 2730 decretis
677 2687 752 2732 sess.
768 2668 868 2744 XXV,
890 2679 922 2732 et
937 2672 1007 2734 aliis
1021 2673 1157 2739 decretis

182 2757 319 2838 ejusdem
335 2755 466 2819 Concilii
486 2757 627 2819 clausula
642 2777 701 2818 666
724 2758 903 2820 obstantibus
923 2762 1156 2847 quibuscamque

182 2847 352 2930 privilegiis
369 2847 507 2908 munitis.
524 2845 559 2908 ld
573 2855 772 2928 constatcap.
788 2847 826 2908 22
838 2848 980 2927 ejusdcm
991 2854 1153 2933 sessionis,

184 2936 237 3000 uti
260 2937 375 2998 dicitur
397 2954 404 2996 :
429 2936 535 2997 Omnia
557 2943 587 2996 et
606 2935 724 3016 singula
750 2935 783 2996 in
804 2937 1008 3017 superioribas
1028 2940 1155 3008 decretis

182 3033 314 3087 coratcnta
329 3024 477 3085 adseruari
488 3025 678 3103 precipit...,
698 3043 756 3085 non
775 3024 954 3088 obstantibus
966 3047 1069 3092 earam
1089 3052 1154 3095 om-

183 3115 264 3175 nium
283 3121 313 3174 ct
331 3112 517 3192 singularam
529 3113 716 3193 privilegiis,
735 3113 787 3176 sad
800 3115 1029 3200 qat'dascamqnc
1049 3122 1156 3186 nerbo-¹

184 3222 247 3264 ram
258 3199 410 3281 formalis,
426 3219 460 3262 ac
471 3201 558 3264 Mine
571 3218 697 3266 666666
712 3203 883 3284 appellatis.

223 3288 301 3351 Nota
325 3288 410 3370 quod
431 3289 572 3352 clausula
598 3292 756 3372 rescriptis
781 3295 905 3356 annecti
921 3294 1014 3358 solita
1035 3316 1045 3361 ε
1068 3299 1159 3363 dam·-

193 3377 266 3440 nado
278 3379 371 3440 sceris
385 3379 544 3442 canonibus
555 3388 581 3441 et
593 3378 717 3442 decretis
732 3379 863 3445 Caecilii
877 3382 1064 3462 Tridentini,
1080 3397 1156 3463 etc,

187 3467 318 3546 intelligi
334 3466 426 3530 debet
446 3469 484 3529 de
509 3469 581 3530 salis
594 3469 753 3532 canonibus
766 3479 793 3533 ct
812 3470 935 3534 decretis
951 3473 1157 3555 Tridentinis,

188 3574 259 3620 cum
274 3556 353 3618 alias
367 3557 447 3618 nibil
461 3558 696 3620 concederetur.

228 3641 315 3707 1066.
339 3644 513 3708 dicandum
538 3650 571 3707 3⁰
599 3645 705 3730 quoad
731 3648 963 3714 absolutionem
983 3666 1157 3722 reservata·

187 3753 260 3802 sum
282 3743 311 3798 et
334 3735 603 3818 dispensationem
623 3754 718 3823 super
735 3736 1041 3819 irregularitatem,
1069 3764 1160 3825 posse
