2590 4208
196 235 236 298 38
478 245 635 291 nasutum
655 243 734 290 anais
756 215 905 293 oauourct.

191 355 336 418 obstante
350 355 447 436 priori
462 372 520 418 suo
534 362 625 427 voto,
646 352 697 416 eui
713 359 866 434 tanquam
882 352 1018 437 simplici
1033 355 1165 441 deroga.

167 483 175 490 -
193 451 245 505 tur
260 460 277 505 a
290 445 379 521 jure3
405 443 459 506 sed
479 441 665 524 poenitentia
680 440 737 502 erit
754 441 783 502 ei
800 440 994 522 imponenda
1013 464 1072 527 pro
1091 449 1164 512 dicti

172 496 256 605 fanti
278 550 341 595 nou
364 533 558 613 impletione.
575 530 621 592 Er
636 547 701 608 quo
720 537 804 610 patet
824 529 1052 609 professionem
1070 537 1164 602 etiam

192 621 365 689 solemnem
390 620 475 683 haud
498 637 589 702 posse
610 637 647 682 ex
669 636 702 680 se
717 618 902 697 extinguere
922 628 1034 684 votum
1057 623 1164 706 ingre-

192 708 301 772 diendi
326 709 510 788 religionem
536 707 636 787 magis
659 705 854 787 perfectam:
879 709 1000 790 quippe
1020 711 1090 774 haec
1112 733 1150 776 ex

196 799 304 860 tinctio
319 815 383 860 non
398 796 511 859 accidit
522 794 583 858 nisi
598 813 634 858 ex
647 793 853 876 dispositione
862 795 952 876 juris.

176 891 197 952 rt·
234 891 269 948 4⁰
290 886 553 966 lrregularitatem
567 902 605 946 ex
619 881 743 946 defectu
756 884 912 948 natalium
924 886 1164 970 tollitprofessio

152 981 155 984 '
197 975 358 1050 solemnis,
377 975 430 1036 sed
457 974 518 1037 hoe
538 971 576 1034 ad
593 971 740 1034 effectum
755 971 908 1035 duntaxat
921 993 1027 1037 sacros
1042 977 1167 1040 ordines

198 1063 392 1145 recipiendi3
409 1081 472 1126 non
488 1079 561 1125 vero
576 1061 761 1124 Praelaturas
776 1060 825 1122 vel
840 1062 1010 1142 dignitates
1027 1063 1109 1148 (cap.
1129 1067 1167 1130 Ut

197 1153 262 1235 filii
270 1200 278 1226 ‚
295 1152 338 1213 De
350 1151 450 1233 filiis).

238 1244 272 1302 5⁰
294 1238 458 1312 Professio‚
473 1239 568 1301 etiam
584 1254 647 1300 non
666 1237 835 1314 solemnis,
851 1239 1011 1320 sponsalia
1029 1240 1166 1320 dirimit;

200 1331 225 1392 si
240 1346 315 1390 vero
329 1327 478 1390 solemnis
493 1327 543 1401 sit,
558 1343 625 1393 non·
637 1324 742 1388 solum
754 1332 802 1388 est
816 1326 1080 1407 impedimentum
1096 1333 1168 1394 sub·

201 1435 334 1498 sequeus
358 1415 595 1477 matrimonium
610 1413 780 1486 dirimens,
804 1414 971 1478 sedetiam
992 1420 1082 1499 prius
1098 1439 1168 1484 con·

201 1516 335 1570 tractum
372 1502 567 1580 dissolvens,
601 1500 628 1564 si
656 1503 800 1566 nondum
829 1505 868 1565 sit
901 1517 1166 1578 consummatum.

204 1595 299 1680 (frid.
317 1612 390 1656 sess.
416 1591 509 1655 XXlV
525 1641 533 1668 ,
549 1610 619 1654 ean.
642 1591 685 1672 6).
702 1589 770 1654 lmo
780 1639 791 1670 ‚
810 1592 899 1674 juxta
922 1593 1022 1674 legem
1049 1598 1170 1660 civilem
1277 1603 1278 1612 ’

201 1693 354 1758 nostram,
372 1680 517 1745 monialis
531 1699 601 1760 quae
617 1688 721 1742 votum
736 1681 937 1744 continentiae
955 1684 1060 1746 emisit
1074 1687 1107 1748 iu
1122 1705 1172 1749 or·

202 1773 276 1836 diue
305 1771 437 1833 civiliter
463 1769 661 1851 approbat0,
690 1769 802 1849 nequit
830 1788 887 1850 per
914 1772 1172 1853 quinquennium

202 1862 330 1942 nuptias
342 1877 449 1921 eoram
464 1859 647 1938 magistratu
662 1857 747 1920 ciuili
761 1858 957 1921 contrahere.

241 1953 311 2012 973.
335 1947 428 2010 Modo
446 1946 529 2009 dicta
553 1945 758 2026 intelligenda
772 1955 845 2008 sunt
861 1946 899 2008 de
913 1948 1109 2028 professione
1123 1972 1173 2015 ra·

203 2039 279 2101 lida.
298 2037 469 2099 Difficultas
482 2053 549 2098 esse
564 2043 665 2116 potest
678 2053 718 2096 an
732 2034 870 2097 invalida
885 2037 1038 2116 professio
1053 2041 1175 2124 aliquos

203 2127 320 2188 habeat
341 2125 493 2200 effectus,
519 2124 629 2185 saltem
651 2141 690 2185 an
711 2121 814 2186 valeat
834 2132 869 2186 ut
889 2135 998 2188 votum
1025 2129 1171 2211 simplex.

204 2216 300 2279 Porro
315 2215 389 2275 satis
404 2212 552 2294 perplexa
573 2220 619 2274 est
638 2211 820 2294 hujusmodi
844 2215 999 2294 questio,
1020 2225 1056 2279 ut
1071 2220 1175 2282 videre

205 2306 237 2367 in
262 2313 368 2366 nostro
390 2302 548 2377 Manunfi,
573 2299 615 2362 η’·
636 2301 832 2378 illidit&
856 2301 918 2364 diei
943 2312 1049 2367 tamen
1076 2317 1176 2389 potest

203 2393 308 2476 quodf.
319 2393 375 2453 etsi
391 2392 457 2453 haec
470 2388 620 2472 professio
636 2390 758 2453 nullam
775 2390 929 2472 producat
945 2393 1174 2474 obligationem

206 2486 311 2564 quoad
333 2481 512 2560 regularum
537 2479 659 2542 ordinis
678 2477 951 2557 observationem,
975 2482 1007 2542 iu
1030 2483 1179 2565 pluribus

206 2570 352 2646 ossibus,
373 2570 438 2632 vim
462 2566 558 2630 habet
580 2567 643 2630 voti
659 2574 818 2650 perpetuae
836 2568 1065 2646 continentiae,
1082 2574 1177 2638 modo

206 2659 337 2722 nullitas
349 2676 385 2720 ex
401 2657 523 2720 defectu
538 2674 711 2720 consensus
723 2674 788 2719 non
809 2656 931 2719 oriatur
946 2656 996 2741 (V.
1013 2659 1072 2724 Des
1090 2661 1175 2726 Com-

207 2750 368 2823 mendatio,
381 2755 455 2823 eto,
470 2745 510 2808 n¹¹
524 2745 688 2826 lot-toe).

591 2918 736 2972 Punctum
753 2917 793 2971 It.

241 3071 296 3116 Quin
313 3069 348 3108 Si‘f
364 3067 476 3106 totundit
492 3066 516 3104 tlt
532 3065 593 3104 CASU
610 3063 776 3102 anornsswttts
792 3063 855 3104 illiti.
877 3067 924 3117 lus,
937 3066 984 3106 vel.
994 3067 1051 3112 QUAE
1070 3069 1150 3111 mim

597 3149 785 3191 aerumnosius·

212 3305 214 3309 v
250 3279 319 3335 llil.
343 3267 477 3331 Nulliter
488 3265 663 3349 professus,
680 3273 801 3326 remoto
821 3265 1061 3347 impedimento,
1078 3280 1179 3352 potest

212 3360 436 3445 professionem
451 3356 624 3430 notificare,
640 3352 688 3415 vel
701 3371 857 3436 expresse,
873 3353 919 3415 vel
935 3356 1030 3418 etiam
1047 3361 1142 3424 tacite
1155 3360 1178 3423 si

211 3451 251 3514 de
265 3447 457 3531 professione
472 3443 606 3509 solemni
617 3442 648 3503 in
661 3441 955 3505 Institutovirorum
973 3461 1036 3507 non
1056 3458 1175 3527 agatur.
1275 3453 1276 3458 ’

251 3539 282 3604 Si
302 3555 376 3600 vero
404 3537 475 3618 quis
499 3533 671 3597 reclamare
695 3531 829 3594 voluerit
850 3539 959 3592 contra
985 3535 1176 3600 validitatem
1275 3541 1276 3626 ζ

214 3627 414 3713 professionis
429 3642 513 3697 suae,
529 3641 567 3684 ex
591 3619 675 3682 Trid.
692 3638 764 3682 sess.
781 3618 872 3694 XXV,
889 3638 916 3681 o.
935 3625 987 3696 19,
1012 3622 1053 3684 Oe
1067 3627 1175 3708 repul,
1275 3629 1276 3678 l

207 3734 334 3782 eausam
354 3713 447 3776 debet
464 3727 570 3775 eoram
587 3707 740 3789 superiori
763 3726 820 3771 suo
838 3717 869 3771 et
890 3708 1058 3776 Ordinatio
1073 3714 1174 3778 dedu·
1275 3715 1276 3798 p
