2552 4204
457 231 611 279 tudunum
635 229 717 276 tutus
739 224 883 273 canentes.

188 347 412 430 criminosam,
425 351 455 409 et
470 346 556 408 Bulla
568 346 677 420 Conse,
694 344 709 425 5
721 343 752 426 6)
765 363 774 421 ;
788 348 822 404 2⁰
836 341 860 402 si
875 337 1018 402 falsantes
1031 334 1093 396 sint
1106 331 1162 395 cle

189 437 363 510 meletiam
375 434 496 510 occulti,
517 441 590 497 sunt
603 436 668 514 ipso
689 434 757 511 jure
779 430 885 512 privati
906 427 1011 489 officiis
1024 431 1055 487 et
1069 423 1163 488 bene-

189 525 265 589 llciis
280 523 491 589 ecelesiasticis
506 523 585 605 (cop.
607 521 785 584 Folsoriam
798 518 890 581 mode
904 515 1000 598 citat.)
1013 536 1021 591 ;
1036 517 1074 576 V.
1092 514 1166 576 alias

190 633 309 698 paenas,
320 634 369 695 ap.
384 615 468 676 Ferr.
484 620 513 674 νο
524 611 634 684 Paene,
648 619 704 673 ert.
718 615 750 686 2,
765 608 806 671 n¹¹
816 609 926 680 51-66‚
937 619 968 667 et
980 606 1012 666 G.
1025 605 1083 686 Ap.
1097 603 1164 666 Sed.

231 711 432 792 lmpetrantes
444 717 546 770 temen
558 710 669 772 litteras
684 707 870 789 Apostolicas
880 723 933 785 per
940 703 1167 783 subreptionem

192 818 254 863 non
281 797 418 861 incidunt
439 798 471 860 in
496 798 682 878 supradictas
708 815 829 878 poenas,
851 793 904 856 sed
926 793 1035 855 effectu
1063 810 1169 854 earum

192 895 296 953 carent
315 887 412 950 :ratio
427 894 470 948 est
486 887 556 966 quia
571 887 639 950 licet
652 887 727 949 tales
740 887 845 948 litterae
859 884 920 946 sint
932 881 1082 954 invalidos,
1099 887 1171 943 atta-

194 995 265 1039 men
287 976 319 1038 in
342 975 449 1038 ordine
467 975 506 1036 ad
521 975 745 1055 expeditionem
764 981 835 1036 sunt
855 990 945 1050 vere,
971 970 1103 1051 ideoque
1117 969 1171 1050 qui

197 1083 249 1127 ess
264 1065 438 1145 impetrant.
459 1082 521 1127 non
539 1071 609 1126 sunt
623 1063 745 1126 falsarii.

235 1162 290 1233 Oui
307 1167 409 1224 autem
430 1161 560 1223 scienter
583 1161 699 1223 habent
718 1161 832 1224 litteras
854 1159 1041 1242 Apostolicas
1055 1155 1172 1232 falsas,

196 1249 253 1311 nisi
268 1249 346 1310 intra
360 1249 493 1326 audies,
509 1251 575 1312 illas
590 1250 723 1312 lacerent
736 1260 789 1312 aut
802 1252 972 1322 restituent,
987 1263 1172 1308 excommu-

196 1338 338 1400 nicationi
350 1338 507 1416 subjacent
521 1339 602 1421 (cap.
616 1340 704 1401 Dure
716 1345 748 1416 4,
758 1338 795 1401 de
806 1336 1039 1419 criminosam),
1053 1334 1175 1396 etiamsi

197 1425 234 1488 iis
244 1444 305 1487 non
321 1435 454 1489 utantur.
471 1429 538 1489 Non
553 1427 675 1490 videtur
689 1438 805 1490 servata
819 1431 837 1490 a
849 1431 883 1489 C.
898 1427 958 1509 Ap.
976 1425 1047 1487 Sed.

236 1525 367 1586 Nomine
389 1526 555 1589 litterarum
580 1529 821 1608 Apostolicorum
837 1527 869 1588 in
885 1526 992 1586 ordine
1014 1523 1053 1584 ad
1068 1539 1177 1602 poenas

198 1632 289 1695 supra
315 1616 489 1692 recensitas,
518 1633 580 1676 non
600 1616 699 1678 solum
723 1615 850 1677 veniunt
874 1614 969 1676 Bullae
994 1612 1124 1674 Datariae
1147 1623 1179 1673 et

200 1701 394 1765 Cancellariae
419 1705 611 1784 Apostolicae,
628 1706 680 1767 sed
698 1705 788 1766 etiam
804 1704 978 1766 Secreteriae
1002 1702 1149 1763 Brevium
1168 1719 1176 1763 :

198 1790 241 1853 ita
254 1794 407 1865 luceoli,
418 1791 521 1854 Const.
533 1797 568 1854 et
583 1813 591 1869 ;
605 1812 665 1856 ιιοιι
675 1796 747 1856 vero
757 1794 863 1855 litterae
872 1795 1062 1871 legatorum,
1076 1792 1179 1853 Sacrae

199 1879 431 1942 Poenitentiariae
442 1883 641 1944 etSacrarum
653 1885 816 1963 Congreg„
832 1884 974 1963 quianon
984 1894 1053 1942 sunt
1066 1880 1179 1948 litterae

201 1970 313 2048 Papae:
334 1972 565 2032 controvertitur
586 1977 688 2033 tamen
709 1972 748 2033 de
763 1971 866 2034 litteris
879 1975 910 2034 S.
930 1970 1176 2033 Poenitentieriae.

241 2065 374 2128 Clericus
399 2066 509 2128 falsans
533 2068 645 2133 litteras
670 2070 810 2150 Episcopi
835 2070 881 2132 vel
905 2067 1048 2150 Capituli,
1070 2074 1116 2129 est
1141 2069 1180 2129 ab

202 2154 302 2215 efficio
322 2162 352 2216 et
371 2154 519 2218 beneficio
542 2159 774 2239 suspendendus
795 2161 872 2238 (cap.
895 2156 931 2220 Si
951 2156 1125 2240 Episcopus
1145 2164 1177 2230 7,

202 2241 272 2302 dist.
287 2246 346 2315 59;
361 2252 390 2304 et
400 2262 466 2325 cap.
486 2243 558 2308 Tum
572 2247 695 2322 litteris,
709 2249 739 2308 in
755 2247 773 2328 ξ
788 2247 854 2324 iim,
871 2246 907 2308 de
921 2254 998 2323 test„
1012 2249 1100 2327 ete).

243 2340 405 2421 Regulures
422 2343 493 2404 vere
511 2342 651 2405 falsantes
669 2344 817 2424 sigillum,
833 2344 879 2406 vel
894 2339 1007 2406 litteras
1029 2345 1178 2409 Praeleto·

204 2446 285 2504 turn,
303 2429 473 2509 puniuntur
484 2432 568 2510 juxte
584 2432 819 2494 Constitutiones
833 2432 980 2512 speciales
998 2434 1179 2514 cujuscum·
1264 2475 1265 2492 ι

206 2536 265 2598 que
279 2517 406 2580 ordinis.

246 2615 379 2676 Clericus
392 2623 493 2677 autem
513 2615 624 2678 falsans
639 2617 788 2697 Principis
806 2616 939 2697 sigillum
959 2620 999 2680 ab
1012 2622 1124 2685 ordine
1137 2629 1180 2686 est

207 2702 415 2781 deponendus

162 2816 164 2822 ·
246 2798 348 2861 Poenae
363 2799 463 2880 quoad
475 2798 547 2861 alias
564 2800 704 2864 falsitates
717 2801 842 2864 diversae
853 2807 924 2864 sunt
938 2822 993 2882 pro
1010 2804 1181 2872 diversitate
1261 2771 1263 2904 Ι

208 2887 273 3037 fielssti
293 2887 448 3036 {zmrnissi
472 2907 480 2950 :
508 2908 564 2968 pro
578 2891 694 2954 clericis
715 2891 782 2952 vide
799 2896 891 2973 caput
910 2889 946 2954 st
968 2893 1137 2978 Episcopus
1151 2904 1179 2976 7,
1261 2913 1262 2920 ’

249 3070 433 3132 Falsilrcatio
454 3065 585 3136 mon'etae
600 3075 705 3138 feritur
728 3076 1048 3142 excommunicatione
1064 3085 1096 3146 S.
1114 3085 1178 3147 Scdi

210 3161 371 3232 reservate,
394 3176 429 3219 ex
449 3161 532 3223 Exti.
548 3164 660 3225 loann.
677 3165 758 3226 XXll
784 3165 927 3227 Prodicus
954 3171 984 3243 l,
1007 3168 1043 3232 de
1059 3175 1180 3237 crimine

212 3246 297 3329 salsi.
312 3278 352 3292 -
365 3248 410 3309 De
422 3249 458 3310 et
470 3249 537 3312 silet
552 3252 585 3314 C.
603 3254 707 3334 Apost.
725 3253 820 3316 Sedis.
864 3263 868 3271 '

652 3397 667 3478 ς
688 3401 736 3460 ιιι.

513 3519 557 3581 De
577 3520 671 3602 furto,
695 3541 798 3597 usura,
824 3527 882 3586 elo.

252 3645 320 3708 920.
336 3644 360 3706 1.
376 3641 505 3704 Furtum
519 3652 561 3703 est
573 3644 687 3706 occulto
700 3654 728 3706 ct
742 3646 856 3726 injusto
870 3646 915 3708 rei
932 3646 1042 3710 cliente
1058 3651 1180 3742 colmie²
