2552 4204
187 222 247 281 m
460 229 611 282 rmurnm
632 225 715 272 rnnrs
736 223 885 272 cruourcr.

193 355 208 389 u
226 337 326 404 etc...,
341 333 489 409 pretextu
502 325 725 407 cujuscumque
738 323 910 398 sententiaa,
926 329 979 388 aut
995 322 1165 388 censuraei

191 442 208 479 u
226 420 295 498 jure
313 417 415 479 veleb
437 415 561 477 homine
587 411 766 494 generaliter
787 413 1005 494 promulgatae,
1026 415 1166 473 teneatur

191 531 209 566 c
228 508 361 587 aliquem
375 508 519 578 vitare...,
539 503 595 564 nisi
617 501 766 563 sententia
785 501 831 562 vel
845 520 974 564 censure
991 497 1167 579 hujusmodi

192 620 209 654 (ι
229 595 318 658 luerit
333 596 364 656 in
377 593 424 655 vel
440 599 546 655 contra
557 608 730 672 personam,
746 589 920 671 collegium,
933 595 1018 653 etc...
1034 587 1169 669 bjudice

193 707 209 742 u
229 684 381 765 publicata
395 682 441 744 vel
456 681 645 754 denuntiata,
660 677 828 759 specialiter
841 679 889 742 vel
902 680 1067 760 expresse:
1085 678 1168 746 salvo

193 795 209 828 a
229 772 253 834 si
268 789 360 852 quem
388 789 444 852 pro
457 769 602 850 sacrilega
618 785 764 829 mannum
779 768 940 847 injectione
954 767 985 828 in
1000 767 1166 844 clericum,

195 866 408 923 «sententiam
428 859 517 920 latam
538 859 686 919 aenaeae
707 855 783 918 adeb
804 857 921 920 notorie
939 857 1107 920 constiterit
1124 857 1169 918 in·

194 971 210 1006 u
229 951 380 1026 currisse,
395 947 478 1030 qndd
492 947 604 1008 lactum
622 963 683 1006 non
699 945 793 1025 possit
806 944 907 1026 aliqud
919 945 1168 1025 tergiversatione

193 1059 209 1092 a
229 1038 348 1113 celari,
376 1054 475 1116 neque
509 1035 611 1115 atiquo
638 1031 780 1114 suffragio
805 1034 993 1098 excusari...
1024 1035 1083 1096 Per
1109 1034 1168 1098 hoc

196 1147 210 1179 u
230 1131 348 1198 tamen,
362 1122 535 1206 hujusmodi
557 1122 834 1184 excommunicatos
849 1141 901 1184 sen
919 1122 1088 1204 prohibitos
1104 1143 1167 1187 non

192 1212 415 1274 «intendimus
439 1213 471 1274 in
494 1210 596 1292 aliquo
618 1210 775 1286 relevare,
795 1229 852 1273 nec
874 1210 918 1272 eis
937 1211 1168 1292 quomodolibet

78 1334 81 1343 ·
196 1299 431 1380 «suffragari»

231 1389 274 1450 Ex
296 1389 410 1472 ultimis
429 1388 528 1451 verbis
548 1393 627 1468 patet
650 1385 750 1468 quod,
772 1387 827 1448 etsi
844 1387 882 1448 sit
898 1387 963 1449 aliis
980 1389 1166 1470 permissum

188 1476 501 1560 communicarccum
514 1477 776 1538 excommunicato
790 1475 925 1550 tolerato,
941 1483 1075 1539 attamen
1090 1480 1166 1541 nulli
1260 1549 1261 1552 Ἴ

187 1566 470 1642 excommunicato,
483 1565 675 1647 quantumvis
684 1563 816 1640 occulto,
827 1564 894 1626 licet
910 1582 980 1626 cnm
999 1565 1067 1628 aliis
1077 1585 1166 1630 com·
1260 1561 1261 1570 ’

191 1657 346 1718 manicare
360 1655 391 1715 in
407 1655 443 1716 iis
458 1673 526 1736 quae
540 1653 809 1715 excommunicatis
825 1651 1031 1740 prohibentur.

229 1743 416 1808 Probabililrs
430 1751 473 1805 est
488 1741 567 1824 qnbd
582 1741 684 1817 liceat,
699 1742 788 1803 etiam
803 1741 869 1802 sine
881 1741 1068 1820 necessitate,
1083 1763 1154 1808 eom

189 1832 346 1894 manicare
369 1835 400 1893 in
418 1831 528 1892 divinis
541 1849 611 1892 cum
626 1829 887 1891 excommunicato
906 1829 1048 1904 tolerato,
1069 1835 1164 1898 modd

190 1919 221 1980 in
234 1926 311 1981 statu
328 1919 446 1982 mortali
463 1939 524 1982 non
539 1919 736 1992 ministraret,
753 1919 825 1997 quia
842 1917 897 1979 iste
912 1936 973 1980 non
986 1927 1092 1999 peccat
1105 1923 1164 1984 mi-

190 2007 355 2081 nistrando,
371 2007 493 2088 quando
511 2005 548 2068 ab
563 2007 628 2068 aliis
641 2013 686 2068 est
704 2013 844 2086 rogatus;
862 2012 890 2067 el
905 2005 985 2068 idem
997 2015 1043 2068 est
1057 2009 1163 2073 dicen·

185 2093 261 2156 dum
273 2095 311 2157 de
320 2114 466 2176 suspenso
478 2104 529 2157 aut
539 2093 695 2158 interdicto
705 2101 757 2157 aut
770 2094 937 2174 irregulari.
950 2093 983 2156 ld
993 2104 1112 2161 constat
1125 2119 1163 2163 ex

190 2182 312 2261 prefata
328 2185 411 2245 Bulla
426 2184 544 2246 Martini
558 2187 593 2245 V.
642 2183 644 2190 ⁴

228 2271 272 2331 Ex
283 2271 405 2352 praefata
418 2273 516 2350 Bulla,
528 2272 638 2333 vitandi
656 2279 725 2334 sunt
734 2272 846 2334 notorii
858 2271 1033 2335 clericorum
1041 2267 1162 2356 percas-

188 2377 264 2420 sores
273 2379 282 2434 ;
299 2361 367 2435 sed,
381 2360 467 2442 juxta
486 2361 518 2424 S.
534 2361 671 2442 Lignor,
687 2364 741 2434 66,
759 2366 790 2435 7,
806 2373 840 2422 n·
854 2364 931 2437 lll,
947 2363 1103 2442 probabile
1117 2374 1162 2430 est

185 2447 270 2527 qudd
290 2449 460 2529 requiratur
482 2450 520 2512 ad
534 2449 592 2515 boc
608 2453 642 2511 nt
657 2448 766 2510 notorii
785 2448 823 2510 de
843 2450 911 2528 jure
929 2448 1108 2527 habeantur,
1128 2463 1162 2518 ut

188 2553 299 2616 nempe
309 2537 424 2599 crimen
439 2539 552 2600 fuerint
565 2537 721 2618 injudicio
735 2536 863 2598 confessi
875 2584 882 2611 ,
896 2544 947 2599 aul
961 2537 1073 2602 luerint
1085 2561 1161 2606 con·

184 2621 1160 2708 demnati.VidedehocMaauale,n¹·6501-650'l,inquoetiam
1259 2617 1260 2696 J

189 2709 344 2774 solvuntur
357 2716 429 2777 varii
442 2733 530 2778 casus
543 2716 623 2776 circa
637 2715 856 2779 notorietatcm.

227 2802 296 2862 845.
320 2803 441 2874 Quaerit.
472 2808 503 2867 l⁰
528 2803 658 2875 Quinam
680 2803 740 2864 sint
764 2801 887 2864 effeetus
911 2805 1158 2872 excommunica-

186 2887 278 2950 tionis
292 2892 440 2970 majoris?

226 2977 315 3057 Resp.
336 2980 466 3058 lluplieis
480 2980 597 3060 generis
611 2997 692 3041 esse:
711 2978 856 3040 mediatos
869 2996 981 3059 nempe
998 2986 1029 3042 et
1043 2982 1158 3047 imme-

182 3062 292 3125 diatos.
303 3065 433 3127 Effectus
448 3067 568 3128 mediati
582 3073 653 3128 sunl
663 3066 724 3128 duo
740 3085 748 3128 :
763 3071 792 3127 l⁰
807 3066 1020 3147 irregularitas,
1033 3071 1156 3150 quando

187 3153 467 3216 excommunicatus
489 3161 607 3216 exercet
626 3160 727 3218 actum
747 3153 862 3216 ordinis
880 3155 957 3216 sacri
968 3173 979 3230 3
999 3162 1033 3218 2⁰
1053 3159 1080 3220 si
1094 3166 1156 3224 tolo

187 3256 267 3299 anno
288 3239 319 3300 in
337 3241 647 3304 excommunicatione
666 3240 850 3304 insordescat
867 3249 973 3304 contra
994 3261 1069 3307 eum
1085 3265 1155 3328 pro·

180 3325 252 3388 cedi
266 3332 379 3408 potest,
394 3335 425 3392 et
435 3347 491 3394 suo
505 3330 652 3392 beneficio
669 3335 767 3410 potest
780 3330 889 3410 privari
905 3329 998 3410 (Trid.
1012 3349 1088 3396 sess.
1103 3338 1152 3413 25,

181 3433 214 3478 c.
226 3415 272 3497 4).

225 3503 356 3566 Effectus
370 3504 534 3567 immediati
548 3511 619 3569 sunt
630 3511 808 3585 sequentes:

225 3595 248 3656 l.
265 3592 379 3670 Privat,
394 3594 485 3656 etiam
493 3593 652 3657 toleratum
669 3593 859 3674 susceptione
878 3599 1149 3660 sacramentorum:

185 3681 266 3743 undo
293 3681 343 3742 illa
370 3682 561 3763 suscipiendo
586 3687 715 3758 peccat,
738 3681 796 3751 nisi
823 3685 982 3743 excusetur
1009 3681 1151 3761 ignorato
