2552 4204
393 348 399 357 ‚
491 299 574 344 naun
593 301 725 352 asaneus.
926 337 928 342 -
1035 309 1095 368 tta

123 401 354 476 Nouatiannsd,
366 419 455 464 causa
470 409 500 478 7,
516 425 546 486 q.
563 412 599 483 13
615 427 682 489 cap.
697 411 865 478 Didiaiaus
878 421 929 495 31,
943 436 1034 485 eausa
1048 430 1099 504 at,

129 506 155 572 1.
171 493 189 552 2
201 510 211 564 3
228 508 292 570 cap.
311 493 340 567 t,
357 489 395 552 ae
407 490 621 577 schismaticis)
633 517 642 574 ;
653 501 686 560 4⁰
698 501 833 580 privandi
845 515 915 569 sunt
925 527 989 572 suis
999 512 1100 592 bonis,

125 575 244 650 officiis,
262 577 428 663 honoribus
449 599 485 643 ac
498 582 705 662 dignitatibus,
718 587 835 671 cepit,
858 594 900 656 De
921 596 1100 664 scatentia,

121 666 554 750 cis,in6⁰.Haea'intcliigenda
566 681 637 735 sunt
647 676 738 737 etiam
748 679 947 747 desciismotc
962 688 1097 768 spectati.

120 755 1089 841 Quidamtamensecnssentiunt.V.G.Aa.Sed.3.exc.snec.ras

155 828 240 892 Nata
253 831 337 913 qudd
349 835 402 915 qui
420 836 572 900 orninesa
592 840 790 902 schismaticis
805 855 1004 923 susceperunt
1022 830 1094 907 sunt‘

116 913 182 999 ipso
193 917 264 1000 jure
278 921 417 1002 suspensi
432 931 462 986 et
479 926 627 989 inhabiles
641 928 677 989 ad
693 927 790 991 officia
804 931 1021 1007 ecclesiastica,
1037 932 1091 993 do·

119 1023 173 1067 nac
197 1007 259 1069 sint
284 1009 425 1075 'doctesiae
455 1015 651 1079 reconciliati.
679 1019 858 1096 Huiusmodi
883 1019 1091 1083 'ordinationes

114 1093 218 1158 irritae
231 1096 263 1158 in
280 1098 372 1160 sacris
385 1102 554 1165 canonibus
568 1104 727 1182 dicuntur,
747 1107 785 1168 ed
799 1107 880 1189 qudd
903 1108 1020 1171 nultum
1041 1110 1091 1186 jus

113 1183 249 1246 tribuant
263 1190 500 1252 sacrosocdines
523 1191 657 1273 legitime
677 1196 837 1258 exercendi
859 1199 937 1277 (cap.
964 1196 1048 1273 (tund
1072 1199 1090 1260 d

111 1274 338 1356 prodecessorc3
363 1282 393 1339 et
406 1297 474 1360 cap.
492 1281 693 1344 Frateraitati
717 1293 793 1359 tua,
815 1285 851 1348 de
869 1285 1086 1366 schismaticis).

152 1365 314 1434 Quomodo
328 1385 398 1430 vero
417 1367 598 1432 schismatici
619 1373 681 1434 sint
705 1375 942 1438 reconciliandi?
961 1375 1036 1438 Vide
1056 1376 1088 1440 iu

111 1453 247 1515 Monadi
262 1457 367 1534 (6135,
384 1460 467 1538 etat.
680 1462 683 1468 ’

528 1616 614 1679 ΛΒΤ.
637 1617 673 1679 ss.

251 1757 294 1805 aa
311 1759 443 1808 camenus
462 1761 580 1810 conaus
601 1764 750 1812 umanum
769 1763 946 1813 asamona.

566 1991 628 2072 §a

456 2207 459 2216 Α
487 2112 532 2178 Dc
552 2115 699 2184 Simaaiu.

147 2262 219 2322 875.
243 2255 379 2321 Simonis
395 2257 438 2322 sic
452 2257 529 2322 dicta
544 2263 560 2323 a
581 2263 705 2326 Simone
719 2265 825 2345 Mago,
840 2262 983 2327 definitur
996 2285 1083 2329 com-

109 2348 271 2411 munitea:
300 2347 431 2410 studiosa
457 2351 520 2428 (seu
546 2351 721 2434 deliberata)
749 2353 880 2415 uoluntas
900 2356 1085 2420 emendicat

107 2435 254 2502 madenti
264 2484 271 2513 ,
285 2439 384 2518 pratia
408 2440 568 2521 tanporali
576 2488 585 2517 ,
607 2441 729 2524 aliquid
749 2443 906 2524 spirituale
918 2452 969 2504 out
988 2446 1082 2525 spiri-

108 2527 191 2590 tuali
203 2545 363 2589 annexam.

148 2620 181 2681 l·
202 2616 333 2680 Nomine
345 2617 390 2679 rei
402 2617 571 2700 spiritualis
584 2620 709 2701 intelligi
724 2619 814 2686 debet
832 2640 879 2684 res
898 2629 1083 2704 supernatu-

106 2707 180 2770 ralis
194 2707 233 2770 ud
247 2706 375 2770 satutem
395 2708 550 2784 ordinata,
566 2710 627 2771 siva
641 2713 678 2770 sit
693 2709 857 2772 formaliter
870 2712 953 2788 talis,
967 2720 1000 2775 ut
1016 2733 1083 2792 gra-

106 2799 149 2860 tia
161 2802 192 2859 et
205 2796 286 2859 dona
298 2795 425 2876 Spiritus
436 2799 482 2873 S.;
499 2799 559 2860 sive
573 2799 740 2872 causaliter,
754 2804 789 2860 ut
801 2805 872 2860 sunt
885 2809 1082 2872 sacramanta,

106 2886 235 2972 concio,
257 2904 374 2968 preces,
394 2893 466 2962 etc.;
482 2888 544 2948 sive
558 2887 620 2949 sint
642 2887 767 2949 effectus
790 2894 819 2948 et
838 2906 910 2950 usus
932 2889 1086 2969 potcstatis

106 2976 363 3058 supernaturalis,
379 2979 414 3038 ut
427 2975 634 3051 consecratio,
654 2976 856 3057 dispensatio,
872 2977 1082 3038 excommuni·

106 3070 206 3142 catio,
223 3065 347 3140 electio,
365 3065 483 3127 collatio
499 3065 656 3141 beneficii,
672 3067 784 3147 aliique
803 3073 886 3128 actus
901 3066 1083 3144 jurisdictio·

107 3157 155 3220 nis
169 3154 391 3218 ecclesiasticae.

147 3245 279 3308 Nomine
301 3249 403 3307 autem
424 3249 467 3308 rei
491 3244 650 3326 spirituaii
667 3244 1084 3323 annecoe,inteltigm1tacaa

107 3354 177 3418 quae
191 3352 247 3416 per
262 3351 294 3395 se
307 3352 368 3395 non
383 3341 453 3396 sunt
469 3334 593 3414 quidem
607 3335 791 3414 spiritualia,
814 3333 866 3394 sed
890 3333 927 3392 ad
949 3351 983 3395 ea
1002 3335 1084 3396 ordi·

108 3431 241 3497 uantur,
258 3421 319 3486 sive
333 3441 450 3498 annena
460 3423 573 3484 sinteis
583 3422 797 3496 antecedenter,
807 3421 896 3500 utjus
910 3427 1085 3503 patronatus

106 3520 248 3596 respectu
263 3511 422 3587 benenati,
435 3530 503 3573 vasa
513 3519 543 3573 et
552 3518 649 3573 vestes
661 3530 754 3572 sacrae
765 3516 905 3592 respectu
916 3529 1084 3573 sacramen·

108 3613 226 3678 toaum3
243 3600 306 3664 sive
320 3602 567 3677 concomitantcr,
582 3607 615 3663 ut
636 3600 720 3661 iabou
737 3600 918 3662 intrinsecus
937 3600 968 3661 in
983 3601 1084 3660 admi-

109 3692 286 3758 nistratione
300 3696 576 3766 sacramentorum
594 3689 656 3752 sive
668 3699 887 3773 consequenter,
903 3693 938 3749 ut
952 3687 1084 3749 redditus

109 3779 347 3853 tenefioioaum,
362 3780 413 3854 oui
429 3779 539 3840 dantur
552 3785 675 3860 propter
689 3779 821 3844 officium
838 3775 1019 3858 spirituus·
1094 3791 1100 3814 ¹
