2552 4204
175 229 235 287 728
450 241 606 286 ausaausa
628 238 709 282 scats
731 236 877 280 aaronica,

178 355 255 430 Ouid
276 352 348 415 verb
364 353 399 411 sit
414 351 595 430 permissum
611 347 642 406 in
655 347 813 409 interdicto
826 341 914 405 locali
926 339 1073 422 generali,
1086 338 1157 402 vide

178 443 331 508 dicturam
347 439 494 510 llonaoli',
507 433 957 500 mittilbhblataeddictaeac
973 428 1156 512 capsas·

220 530 255 589 2⁰
275 525 448 590 Protrtttio
468 525 735 585 administrationis
754 531 1023 595 sacramentorum,
1044 522 1077 580 in
1097 525 1158 600 quit

181 621 285 679 tamen
310 614 512 696 prohibitione
539 632 601 675 non
629 613 929 694 comprehenduntur
956 611 1158 692 Baptismus,

181 704 377 768 Confirmatio
387 711 416 766 et
425 702 603 766 Paenitentia
616 702 694 782 (cap.
705 701 805 770 Almo,
815 701 987 762 Drseoteat.
998 717 1159 772 scemam„

182 796 214 856 in
228 795 286 876 6⁰);
303 793 475 874 Baptismus
493 798 594 853 autem
609 791 738 852 conferri
755 796 852 872 potest
872 790 961 851 etiam
981 787 1161 850 solemniter

183 885 305 964 atqueb
322 881 458 942 ministro
474 880 633 941 interdicto
649 880 842 959 generaliter,
856 897 919 939 non
934 878 1006 939 verb
1020 875 1162 956 speciali-

184 977 249 1046 ter,
267 971 325 1031 nisi
344 973 374 1030 in
390 989 462 1031 casu
477 969 682 1044 necessitatis,
702 975 731 1030 et
751 973 825 1028 tuno
845 965 1049 1027 administrari
1071 965 1163 1026 dehet

185 1057 299 1139 absque
308 1059 603 1146 solemnitateprout
612 1058 630 1117 a
638 1055 926 1117 laioisadministrari
938 1055 1031 1116 valet:
1042 1053 1163 1115 elidem

185 1153 230 1210 est
244 1147 406 1208 dicendum
420 1147 458 1208 de
471 1147 608 1206 ministro
621 1145 810 1220 poenitentiae
833 1150 863 1204 et
887 1143 1138 1204 Confirmationis
1156 1163 1162 1202 :

187 1235 268 1298 unde
276 1237 454 1316 Episcopus
462 1255 524 1296 non
536 1233 895 1315 specialiterinterdictus,
903 1239 1001 1314 polest
1009 1232 1166 1294 conticere

188 1325 318 1386 chrisma
332 1325 381 1386 die
395 1327 495 1388 Coenae
508 1325 629 1385 Domini
642 1371 650 1397 ,
662 1323 752 1384 etiam
770 1328 907 1402 tempore
928 1321 1080 1388 interdicti
1103 1321 1166 1382 sive

188 1413 290 1474 localis
310 1413 372 1475 sive
395 1413 571 1494 personalis.
590 1411 715 1473 Praelata
734 1411 789 1472 tria
812 1416 999 1472 sacramenta
1019 1409 1167 1470 omnibus

189 1501 317 1564 conlerri
332 1508 473 1581 possunt,
487 1501 522 1562 iis
536 1507 638 1562 umen
654 1500 785 1582 exceptis
798 1499 850 1580 qui
865 1498 1026 1560 interdicto
1039 1517 1166 1559 causam

189 1589 353 1669 dederuut,
369 1597 420 1652 aut
433 1591 579 1652 auxilium
598 1591 643 1651 vel
660 1589 792 1650 favorem
812 1590 1011 1669 praeslarunt,
1031 1587 1167 1667 exceptis

190 1681 301 1760 pariter
324 1680 520 1760 personaliter
545 1686 574 1740 et
599 1679 766 1758 specialiter
786 1677 971 1749 interdictis,
997 1677 1056 1737 nisi
1079 1677 1167 1755 prihs

190 1767 389 1830 satisfecerint
405 1767 430 1829 si
452 1767 581 1850 possint,
597 1774 649 1828 aut
671 1767 776 1828 saltem
796 1765 967 1847 cautionem
984 1766 1166 1842 juratoriam

192 1856 347 1936 praebeant
360 1857 384 1917 si
399 1875 460 1918 non
476 1856 590 1936 possint
607 1875 614 1915 ε
631 1855 726 1916 validb
743 1863 844 1916 tamen
863 1854 953 1914 etiam
973 1853 1167 1914 Poerritentiae

192 1950 415 2005 sacramentum
433 1949 535 2024 posset
547 1944 749 2005 administrari
764 1942 962 2024 personaliter
983 1941 1167 2014 interdictis,

193 2032 216 2092 si
231 2039 331 2093 esseut
344 2032 500 2112 dispositi,
516 2033 587 2112 quia
601 2032 793 2094 interdictum
808 2051 871 2092 non
884 2029 960 2091 tollit
979 2030 1167 2107 jurisdictio-

194 2137 277 2184 nem.
296 2119 479 2182 Euobaristia
492 2121 563 2182 verb
581 2126 677 2200 potest
691 2121 756 2182 dari
771 2118 960 2181 moribundis
969 2137 1041 2180 cum
1054 2119 1167 2181 solem·

193 2208 285 2268 nitate
296 2211 450 2286 consueta,
462 2207 546 2270 idest
557 2225 627 2271 cum
642 2208 756 2270 lumine
770 2216 799 2270 et
810 2208 979 2290 pulsatione
988 2223 1167 2289 campanas

194 2295 275 2356 idern
290 2303 334 2357 est
347 2295 513 2358 dicendum
526 2297 564 2358 de
579 2297 615 2358 iis
634 2300 685 2376 qui
702 2302 774 2358 sunt
788 2296 968 2378 praeliaturi,
980 2296 1025 2356 vel
1040 2298 1167 2378 naviga-

195 2385 308 2446 tionem
324 2385 523 2464 periculosam
537 2391 706 2448 assumunt.
722 2385 802 2447 Nota
816 2391 917 2446 autem
932 2384 1042 2465 qubdb
1056 2387 1168 2468 specia-

196 2471 262 2534 liter
275 2472 440 2535 interdictis
453 2475 560 2554 praevia
573 2474 732 2536 satislactio
746 2473 783 2535 sit
792 2472 949 2554 exigenda.

236 2562 425 2624 Probabilihs
441 2571 523 2642 putat
537 2565 567 2624 S.
585 2563 705 2644 Liguor.
716 2561 778 2640 (lib.
795 2566 826 2638 7,
844 2572 878 2621 u⁰
891 2564 960 2638 334)
975 2561 1067 2624 licere
1079 2563 1166 2625 insen

196 2649 284 2712 dictis
299 2653 525 2714 matrimonium
538 2653 735 2728 contrahere,
751 2651 893 2732 quiahoc
910 2659 1136 2714 sacramentum
1150 2654 1167 2714 b

197 2741 444 2802 contrahentibus
458 2742 703 2816 administratum
726 2741 808 2803 unda
831 2741 863 2801 in
886 2759 952 2823 cap.
976 2739 1167 2821 Capelianus,

197 2827 241 2890 De
254 2829 352 2910 feriis,
366 2830 475 2892 dicitur
489 2830 571 2912 quud
587 2830 812 2892 matrimonium
827 2831 921 2911 possit
937 2829 1075 2891 contrahi
1090 2849 1168 2912 quo·

198 2937 331 3000 cumque
345 2926 501 2999 tempore,
517 2927 546 2980 et
560 2919 641 2979 idem
655 2919 781 2981 habetur
795 2919 826 2980 in
841 2919 950 2981 Rituali
965 2921 1116 2981 Romano.

237 3007 321 3068 ldem
336 3007 367 3070 S.
385 3007 542 3087 Lignorius
559 3013 640 3068 notat
655 3007 775 3088 tilioli:
797 3008 911 3080 «Quod
930 3009 954 3068 si
975 3008 1167 3070 interdictum

204 3119 218 3154 a
239 3097 277 3157 sit
296 3097 389 3156 latum
404 3113 441 3154 ex
456 3095 604 3156 sententia
617 3095 747 3174 injusta,
767 3116 836 3179 quae
853 3097 1011 3158 videbatur
1028 3097 1110 3176 justa
1124 3115 1167 3159 se

205 3206 220 3243 a
240 3183 375 3246 cundum
390 3183 525 3264 probata,
539 3184 571 3244 in
585 3183 650 3245 loro
664 3194 789 3247 externo
801 3185 890 3248 debet
905 3187 1029 3254 servari,
1043 3185 1097 3246 sed
1111 3203 1169 3247 non

206 3293 221 3330 a
240 3272 375 3346 intern03
391 3289 495 3354 quare,
505 3281 640 3334 cessante
652 3275 807 3352 scandalo,
823 3283 950 3355 possunt
962 3273 1059 3335 audiri
1076 3291 1168 3346 sacra,

204 3381 220 3420 a
240 3360 333 3440 recipi
347 3367 543 3422 sacramenta.
559 3361 700 3441 Religiosi
714 3369 828 3437 tamen,
843 3363 965 3444 quando
978 3361 1169 3424 interdictum

206 3458 375 3511 «servatur
389 3449 428 3509 ab
450 3451 585 3511 Ecclesia
606 3449 772 3513 cathedrali
794 3453 839 3514 vel
863 3451 1007 3525 matrice,
1031 3457 1169 3512 tenentur

205 3557 222 3598 s
241 3537 314 3600 illud
333 3555 472 3612 servare,
486 3537 603 3599 etiamsi
623 3538 698 3600 iilud
719 3545 756 3602 sit
781 3541 899 3602 nulium
917 3559 954 3603 ex
977 3555 1169 3620 quocumque

208 3648 222 3684 a
242 3627 349 3708 capite.
365 3628 570 3689 Exclamant.
587 3633 616 3702 t,
636 3629 760 3691 Desint.
776 3649 916 3691 excomm.
931 3627 962 3689 u'

242 3718 274 3776 ³⁰
295 3715 465 3778 Prohibitio
486 3716 651 3784 sepultura
672 3716 899 3788 eclesiastica,
921 3718 1012 3782 ctiam
1035 3719 1169 3795 respectu
