2618 4212
218 233 271 296 tlt
491 245 646 292 eoeneum
668 243 747 291 runis
769 241 917 289 cruorum.

672 430 736 476 XXX

252 533 286 598 h
302 531 353 595 die
372 549 436 612 qua
452 529 552 593 Causa
574 530 775 610 proponitur,
790 537 838 589 est
851 528 884 589 in
898 525 1048 590 facultate
1064 529 1208 592 accusati

214 621 349 684 faciendi
363 639 398 684 se
410 629 635 700 repraesentare
650 627 681 679 et
697 615 865 681 defendere
881 615 921 678 ab
941 616 1004 679 alio
1032 617 1209 681 Sacerdote

214 719 265 774 aut
281 709 361 772 laico
375 707 619 784 Patrocinatore‚
648 715 741 769 antea
767 704 951 788 approbatis
965 705 1006 767 ab
1021 706 1208 770 Ordinario.

635 963 638 970 Ι
664 891 738 938 XXXI

254 994 414 1068 Quatenus
427 1000 605 1070 preventus
624 990 817 1053 constituere
852 987 1053 1051 defensorem
1080 1009 1207 1068 renum,

216 1080 398 1146 Ordinarius
412 1080 552 1142 consulit
566 1077 792 1141 constituendo
805 1076 949 1158 aliquem·
960 1095 999 1139 cx
1023 1079 1143 1142 officio.

605 1281 606 1288 ,
668 1236 755 1282 XXXH

256 1337 405 1400 defensor
419 1345 512 1398 caute
538 1336 684 1398 notitiam
701 1334 809 1396 haurit
824 1351 989 1415 processus
1015 1350 1046 1396 ct
1068 1340 1209 1401 restricti

217 1430 248 1489 in
265 1424 471 1498 Cancellaria,
491 1433 524 1486 ut
539 1433 667 1506 paratus
687 1425 726 1486 sit
740 1423 780 1485 ad
797 1421 1015 1486 defensionem
1049 1444 1210 1507 peragen-

216 1515 301 1591 darn,
315 1532 385 1596 quae
400 1513 477 1574 alias
494 1511 668 1594 propositio
677 1530 779 1576 causae
791 1510 934 1574 exhiberi
944 1520 1046 1592 potest
1062 1513 1096 1575 in
1109 1515 1209 1597 scrip-

216 1603 265 1668 tis.
283 1603 351 1684 lpse
363 1621 490 1684 quoque
506 1602 674 1682 subjicitur
688 1601 777 1664 oneri
791 1601 901 1663 secreti
917 1601 1026 1680 jurati,
1046 1613 1211 1684 quatenus

217 1693 381 1756 Ordinario
395 1692 540 1754 videatur
554 1690 694 1753 indolem
708 1707 811 1752 causae
824 1689 856 1751 id
869 1691 1083 1772 expostulare.

662 1847 761 1895 xxxnl

255 1941 491 2004 Transmittitur
505 1939 578 2001 dein
593 1938 791 2000 Procuratori
806 1936 905 2000 fiscali
921 1955 1090 2019 processus
1101 1950 1133 2001 et
1143 1959 1210 2004 res-

217 2031 337 2108 trictus,
355 2039 390 2091 ut
403 2047 534 2092 munere
548 2045 651 2090 suoen
663 2025 764 2089 officio
780 2024 944 2106 fungatur3
961 2035 1097 2109 uterque
1115 2025 1209 2092 Ordi-

217 2120 306 2182 nario
320 2119 455 2180 traditur
470 2118 524 2198 qui
541 2117 751 2198 ptenecausae
767 2115 947 2198 cognitione
970 2115 1100 2198 adepta,
1121 2117 1208 2181 diem

217 2207 377 2270 constituit
399 2207 430 2268 in
445 2225 508 2287 qua
524 2204 729 2287 disceptanda
745 2213 776 2267 et
794 2204 982 2268 resolvenda
1006 2207 1058 2286 sit,
1088 2225 1209 2270 curans
1298 2233 1299 2242 2

218 2305 251 2358 ut
271 2303 438 2358 aecusatus
457 2295 573 2357 certior
589 2295 628 2356 de
642 2293 704 2356 hoc
718 2293 784 2356 fiat.
867 2329 871 2336 ·

665 2453 758 2498 XXXW

256 2543 310 2605 llio
329 2541 502 2605 constituta
516 2543 708 2624 proponitur
727 2541 828 2605 Causa
844 2559 953 2605 coram
969 2541 1088 2606 vicario
1112 2562 1211 2624 gene·
1296 2589 1297 2602 ,

217 2632 287 2782 zali,
319 2632 582 2781 ilrlrteressentibus
607 2631 814 2694 Procuratore
842 2630 953 2707 fiscali,
981 2631 1157 2697 Defensoro
1179 2643 1211 2695 et

242 2739 320 2787 anco
347 2736 426 2782 ario.

672 2853 754 2898 XXXV

258 2953 329 3015 Post
345 2961 453 3014 votum
470 2951 686 3015 procuratoris
710 2949 791 3014 l'isci
806 2958 838 3014 et
863 2949 1074 3015 deductiones
1102 2952 1213 3016 delen·
1294 2929 1295 3007 f

218 3041 315 3105 sionis
330 3039 489 3124 profertur
505 3039 673 3114 sententia,
688 3039 838 3103 dictando
849 3037 1070 3122 dispositivenr
1089 3040 1212 3106 Gancel·
1293 3065 1294 3096 t

126 3199 129 3208 ,
219 3131 308 3210 lario,
334 3147 408 3192 cum
435 3129 583 3209 explicita
611 3130 783 3203 mentione,
814 3131 847 3191 in
877 3147 953 3192 casu
977 3129 1211 3208 damnationis,
1293 3097 1294 3189 f

218 3217 379 3302 canonice
392 3218 565 3280 sanctionis
581 3225 729 3280 accusato
742 3215 919 3300 applicata.

668 3374 763 3424 xxxvi
847 3405 851 3414 .

258 3473 422 3537 Sententia
435 3474 589 3539 indicitur
604 3487 776 3559 praetento,
787 3476 842 3564 qui
853 3475 1104 3560 appellationem
1119 3478 1212 3568 inter·

219 3581 337 3645 ponere
352 3572 455 3646 potest
470 3565 511 3628 ad
541 3567 768 3630 Auctoritatem
788 3567 1038 3632 ecclesiasticam
1066 3569 1212 3650 superio·

223 3671 304 3714 rem.
928 3692 946 3698 ,.
