2590 4208
189 283 227 344 dl
401 321 405 327 -
461 299 613 345 aseneum
634 298 715 344 rnnrs
735 296 880 344 cnnourcr.

188 411 331 474 videlicet
352 411 492 474 virorum
507 418 539 472 et
559 410 739 482 mulierum,
755 427 827 490 quae
839 419 884 471 est
901 413 1025 493 papalis
1041 431 1095 476 aut
1109 435 1163 481 so·

188 498 354 562 lummodo
368 496 565 581 episcopalis.

228 584 250 650 Ι.
267 587 425 652 Gulosum
439 605 536 660 ouonn
559 603 644 650 vinos
663 585 694 648 in
714 601 753 648 eo
767 586 907 650 consistit
923 587 1009 667 quod
1029 606 1091 653 non
1108 591 1160 654 de·

189 675 316 738 beante
332 677 522 740 monasterio
543 674 648 753 egredi
663 673 783 753 absque
802 673 906 737 debita
927 679 1101 759 superioris
1132 680 1151 741 il

189 765 302 839 centia,
321 784 378 827 nec
393 765 455 826 illis
473 763 566 826 liceat
586 762 669 826 intra
683 773 769 844 septa
784 776 959 827 conventus
975 766 1075 827 ullam
1092 784 1124 828 m

189 852 297 915 liorem
312 854 488 928 admittere,
505 852 569 915 imo
589 869 646 914 nec
665 851 837 934 aliquando
850 853 934 916 viros
948 855 980 915 in
996 862 1098 918 certas
1115 856 1147 936 ip

189 946 254 1004 sius
271 952 385 1024 partes.
400 977 440 989 -
458 943 565 1004 Primo
582 959 652 1022 pars
667 941 762 1022 huius
784 943 964 1006 assertionis
987 944 1018 1004 in
1046 953 1163 1006 natura

190 1031 350 1110 regiminis
365 1030 629 1093 monasteriorum
646 1028 796 1091 fundatur
809 1075 816 1104 ,
828 1030 914 1107 juxta
934 1050 1049 1112 quam,
1070 1041 1105 1094 ut
1121 1032 1164 1093 ait

189 1116 303 1180 Suarez
317 1119 341 1194 ¹,
358 1118 491 1182 subditus
504 1117 586 1180 debet
599 1136 658 1180 esec
671 1117 723 1179 aab
735 1127 877 1199 potestate
890 1121 1065 1200 superioris,
1082 1130 1115 1182 et
1128 1121 1165 1182 ob

190 1207 242 1270 illo
254 1209 344 1289 possit
367 1209 414 1270 cel
427 1207 569 1271 custodiri
583 1206 628 1270 vel
649 1205 819 1288 pubuaorr'.
845 1208 933 1270 Unde
957 1209 1078 1289 obligat
1102 1209 1165 1272 sub

190 1307 327 1378 peccato,
343 1297 438 1359 etiam
454 1297 486 1358 in
511 1296 665 1358 institutis
684 1314 821 1376 quorum
841 1297 947 1376 regula
966 1316 1028 1361 non
1042 1305 1089 1360 est
1103 1298 1163 1360 sub

189 1396 318 1467 peccato
337 1385 535 1466 obligatoria.
561 1383 684 1448 Sancite
707 1382 764 1446 lint
787 1385 854 1448 haec
881 1388 1067 1449 clausurae
1095 1386 1163 1448 ‘l'ri-

188 1475 330 1547 dentino,
347 1492 421 1537 sess.
438 1473 530 1550 XXV,
547 1492 574 1536 c.
591 1479 622 1549 l,
638 1472 849 1554 DeRepuler.,
868 1475 920 1537 ubi
936 1477 1051 1538 dicitur
1066 1495 1075 1537 ε
1091 1476 1164 1540 Noa

188 1562 275 1625 liceat
288 1563 475 1644 regularibus
497 1562 589 1626 osteis
609 1562 794 1624 eoncemtbus
808 1563 949 1638 recedere,
965 1565 1056 1625 etiem
1080 1584 1165 1646 proe-

188 1661 268 1716 iectu
279 1653 318 1713 od
329 1654 490 1734 superiores
500 1671 565 1713 suos
578 1650 752 1724 accedendi,
769 1653 829 1712 nisi
842 1652 879 1713 ab
892 1653 934 1714 eis
951 1655 1034 1713 missi
1046 1663 1101 1715 cut
1116 1674 1164 1716 co-

187 1744 246 1804 ceti
272 1741 404 1824 suert'et,
434 1748 465 1804 et
489 1759 506 1804 a
528 1739 688 1804 Clemente
712 1739 780 1804 Vlll
801 1741 933 1804 Constit.
956 1740 1085 1814 llcttm,
1113 1742 1164 1804 di·

187 1841 276 1896 cente
292 1850 300 1894 ι
320 1856 334 1888 e
350 1831 464 1895 Nullus
479 1848 495 1892 a
510 1838 668 1892 conventu
683 1830 787 1910 egredi
804 1831 918 1892 audeat
933 1831 1038 1892 nisiex
1053 1849 1161 1911 causa,

187 1941 201 1978 s
228 1931 342 1983 etcum
363 1920 448 1983 socio
469 1919 660 1999 licentiaque
676 1917 809 1998 singulis
822 1919 944 1981 vicibus
958 1919 1128 2000 impetrata
1145 1941 1162 1982 a

187 2030 201 2064 a
227 2009 404 2088 superiore;
426 2008 480 2089 qui
503 2025 567 2071 non
591 2006 681 2069 aliter
702 2007 871 2083 concedat,
889 2009 946 2070 nisi
968 2027 1065 2070 causa
1081 2028 1162 2090 pro·

188 2119 201 2153 =›
227 2097 318 2172 beta,
335 2099 519 2177 sociumque
535 2101 659 2159 exituro
674 2095 845 2178 adjungat,
862 2098 925 2158 non
951 2099 1088 2178 petentis
1105 2117 1159 2162 ro·

187 2207 202 2243 n
226 2194 312 2266 gato,
327 2184 381 2247 sed
398 2184 529 2247 arbitrio
542 2203 611 2263 suo,
628 2204 731 2267 neque
747 2185 893 2247 eumdem
911 2187 1034 2266 saepius.
1052 2188 1161 2250 Licen-

186 2295 201 2332 ο
227 2276 276 2336 tiae
290 2291 363 2336 vero
377 2274 538 2353 generales
552 2274 688 2336 exeundi
704 2275 785 2336 nulli
800 2277 1014 2337 concedantur
1028 2297 1060 2338 s.

226 2361 441 2426 communiter
456 2373 599 2427 auctores
612 2369 719 2425 tenent
733 2364 869 2443 graviter
884 2382 1012 2445 peccaro
1025 2365 1159 2445 religio·

185 2469 256 2514 sum
272 2471 289 2514 e
306 2451 569 2514 monasteriosno
590 2452 657 2513 sine
672 2450 799 2513 licentia
813 2453 1037 2531 egredientem,
1055 2465 1088 2515 et
1103 2473 1159 2535 per

187 2539 325 2603 notabile
347 2548 472 2619 tempus
493 2549 579 2602 extra
599 2548 803 2616 manentem,
827 2549 881 2602 aut
906 2553 1074 2604 exeuntem
1102 2561 1158 2624 per

186 2641 321 2704 noctem,
340 2629 389 2691 vel
403 2647 475 2691 cum
496 2630 583 2708 gravi
599 2628 759 2692 scandalo.
793 2628 832 2690 Et
847 2631 907 2692 hoc
921 2639 968 2693 est
983 2631 1157 2695 dicendum

185 2720 278 2782 etiam
292 2717 332 2780 de
346 2717 497 2798 religiosis
512 2716 551 2780 ad
566 2718 707 2781 instituta
722 2718 915 2800 simplicium
931 2728 1081 2784 votorum
1094 2741 1154 2802 pes-2

185 2808 366 2872 tinentibns.

222 2896 433 2980 Excipiendus
450 2902 557 2958 tamen
578 2903 625 2958 cst
645 2913 736 2959 casus
749 2897 889 2976 urgentis
905 2900 1113 2976 necessitatis,
1128 2901 1154 2964 si

185 3005 299 3066 nempe
319 2985 565 3048 succurrendum
581 2993 660 3048 esset
680 2986 825 3064 proximo
839 2986 878 3048 de
895 2988 957 3050 vita
973 2989 1153 3072 temporali,

183 3087 214 3139 et
228 3075 399 3156 praesertim
421 3073 554 3153 spiritali
574 3075 777 3156 periclitanti.

221 3164 290 3227 994.
314 3161 543 3243 Secundapars,
559 3163 664 3245 quoad
689 3162 953 3230 introductionem
980 3165 1154 3231 mulierum

183 3259 431 3324 inconventum,
448 3259 493 3313 est
505 3251 585 3332 juris
600 3252 742 3334 positivi:
758 3252 932 3316 Constatex
946 3257 1042 3316 variis
1055 3255 1154 3320 Cons-

183 3344 229 3403 tit.
253 3339 284 3402 S.
299 3340 343 3401 Pii
358 3338 400 3414 v,
416 3337 503 3420 Greg.
521 3339 606 3417 Xlll,
623 3339 737 3404 Bened.
755 3339 834 3416 XlV,
849 3353 881 3404 et
894 3343 1030 3407 maxime
1044 3345 1151 3411 Gonst.

182 3429 361 3511 Apostolieoe
375 3428 462 3491 Sedis
478 3430 521 3492 Pii
539 3429 593 3505 IX,
612 3429 667 3492 ubi
693 3432 977 3495 excommunicatio
994 3433 1066 3498 latas
1080 3454 1151 3500 sen·

182 3518 301 3594 tentiae,
318 3516 390 3582 Scdi
405 3517 592 3600 apostolicas
607 3518 792 3602 simpliciter
805 3530 985 3598 reservate,
1006 3523 1152 3588 decerni·

214 3785 234 3834 l.
254 3785 286 3834 lle
299 3784 374 3852 relig.
393 3791 411 3836 l.
425 3785 448 3848 l,
459 3789 492 3836 tr.
509 3784 565 3846 vlit,
580 3787 599 3838 l.
616 3787 641 3848 V,
657 3803 681 3840 c.
700 3788 738 3851 ll,
753 3790 816 3843 Μ.
