2590 4208
491 355 577 402 neuen
597 356 732 401 ruamus.
1062 343 1101 402 92

125 461 255 542 longam
297 463 509 527 Ecclesiarum
545 463 805 528 consuetudinem
834 469 870 539 t,
900 473 929 527 et
964 465 1100 546 antiquae

116 552 241 631 'regulae
256 551 387 614 lormam
403 563 569 634 sequentes
579 557 602 628 ⁸,
619 571 654 616 ee
671 551 843 634 praesertim
862 553 1011 633 pericula,
1030 574 1103 634 quae

124 639 157 702 in
173 641 308 720 negotiis
323 641 396 702 fidei
412 641 633 721 emergebant,
652 643 689 702 ad
706 642 789 702 hanc
812 637 926 702 Sedent
940 642 1097 722 Apostoli-

124 746 195 792 cam
209 729 396 804 retulerunt,
414 741 447 793 ut
461 731 504 792 ibi
529 731 725 811 potissimum
742 731 967 792 resarcirentur
981 727 1097 794 damna

125 816 209 888 tidci,
237 819 290 880 uhi
306 818 383 880 lides
406 837 470 882 non
487 827 586 900 potest
600 821 715 882 sentire
736 817 892 880 delectum
916 817 940 878 ³.
965 818 1100 883 Romani

125 915 233 972 autom
256 908 435 984 Pontifices,
457 915 555 989 'prout
574 917 752 989 temporum
774 919 804 970 et
827 925 933 970 rerum
957 907 1097 970 conditio

123 995 289 1072 suadebat,
316 1014 402 1060 nunc
429 997 607 1058 convocatis
627 996 830 1057 oecumenicis
857 993 1025 1068 Conciliis,
1043 1004 1096 1058 aut

123 1091 235 1162 rogata
249 1083 396 1148 Ecclesiae
410 1103 464 1165 per
478 1084 587 1146 orbem
603 1083 750 1164 dispersae
763 1085 930 1160 sententia,
944 1103 1030 1147 nunc
1043 1104 1103 1164 per

80 1209 82 1212 -
123 1169 268 1253 Synodos
285 1173 499 1252 particulares¹
513 1191 599 1236 nunc
614 1171 694 1249 aliis,
712 1191 783 1254 quae
797 1173 906 1234 divina
920 1173 1099 1253 suppedita-

124 1261 176 1322 bat
191 1261 389 1343 providentia
406 1310 416 1340 ,
433 1261 583 1324 adhibitis
596 1261 733 1339 auxiliis,
745 1281 780 1322 ea
795 1261 931 1325 tenenda
944 1261 1097 1324 definive-

122 1357 211 1422 runt,
228 1368 300 1430 quae
314 1351 410 1412 sacris
431 1349 598 1433 Scripturis
612 1360 643 1412 et
661 1350 841 1431 apostolicis
861 1350 1094 1414 Traditionihus

123 1447 336 1500 consentanea
362 1439 425 1502 neo
454 1438 597 1520 adjutore
626 1449 847 1518 cognoverant.
879 1439 987 1520 Neque
1012 1441 1100 1502 enim

125 1526 205 1588 Petri
217 1527 450 1588 successorihus
464 1526 600 1606 Spiritus
615 1523 748 1588 Sanctus
759 1527 932 1608 promissus
944 1537 1001 1600 est,
1017 1537 1101 1590 uteo

123 1615 285 1677 revelante
312 1633 426 1678 novam
454 1615 632 1678 doctrinam
657 1613 887 1695 patefacerent,
914 1615 967 1678 sed
996 1629 1029 1677 ut
1057 1634 1095 1679 eo·

123 1706 285 1767 assistente
302 1705 448 1766 traditam
465 1724 520 1787 per
536 1703 701 1785 Apostolos
715 1704 936 1766 revelationem
951 1723 1006 1767 seu
1021 1703 1094 1766 tidei

122 1792 303 1874 depositum
323 1802 429 1855 sancte
455 1792 648 1856 custodirent
668 1803 698 1852 et
725 1791 857 1854 fideliter
882 1801 1088 1874 exponerent.

121 1879 263 1957 Quorum
278 1881 406 1962 quidem
419 1882 625 1964 apostolicam
640 1881 815 1943 doctrinam
839 1899 950 1944 omnes
965 1900 1097 1944 venera·

123 1971 202 2034 biles
218 1970 324 2032 Patres
338 1972 476 2052 amplexi
492 1979 522 2034 et
536 1972 636 2033 sancti
653 1971 800 2033 Doctores
814 1971 982 2035 orthodoxi
1006 1990 1095 2034 vene·

124 2060 182 2122 rati
200 2068 294 2140 atque
309 2063 407 2123 secuti
427 2067 501 2122 sunt
516 2080 525 2137 ;
542 2059 722 2142 plenissime
738 2059 879 2133 scientes,
897 2061 981 2123 hanc
993 2063 1094 2122 sancti

122 2149 205 2212 Petri
221 2147 333 2212 Scdem
357 2149 397 2212 ab
411 2149 499 2213 omni
515 2167 639 2231 semper
668 2165 773 2211 errore
794 2148 947 2212 illibatam
974 2169 1093 2230 perma-

121 2257 209 2312 nere,
245 2240 418 2302 secundum
462 2238 587 2300 Domini
627 2237 798 2302 Salvatoris
825 2240 922 2302 nostri
951 2240 1091 2302 divinam

121 2328 397 2409 pollicitationem,
413 2327 641 2410 discipulorum
655 2346 784 2391 suorum
801 2329 935 2411 principi
952 2329 1062 2391 iactam
1080 2347 1093 2393 τ

121 2417 189 2497 Ego
217 2419 322 2497 rogavi
351 2435 408 2498 pro
433 2425 475 2492 te,
499 2427 622 2481 utnon
649 2417 775 2480 deliciet
802 2417 879 2480 fides
905 2425 970 2492 tua,
1001 2428 1032 2480 et
1058 2429 1090 2482 tu

122 2507 296 2588 aliquando
307 2525 478 2569 conversus
491 2507 645 2569 confirma
658 2505 769 2568 fratres
784 2515 855 2568 tuos
868 2506 890 2568 ⁸.

162 2596 228 2660 Hoc
249 2596 342 2676 igitur
362 2595 499 2658 veritatis
514 2604 544 2657 et
559 2594 631 2657 fidei
646 2612 709 2656 non
735 2593 909 2657 deliciantis
937 2595 1092 2660 charisma

122 2687 214 2750 Petro
234 2685 362 2766 ejusque
386 2687 418 2746 in
434 2685 495 2747 hac
515 2682 669 2746 Cathedra
688 2684 920 2746 successoribus
942 2684 1098 2748 divinitus

122 2775 273 2840 collatum
289 2784 346 2851 est,
360 2784 395 2836 ut
405 2772 526 2835 excelso
536 2791 592 2834 suo
608 2790 738 2834 munere
753 2771 784 2832 in
798 2773 941 2834 omnium
958 2774 1092 2836 salutem

122 2865 340 2945 fungerentur,
354 2871 388 2926 ut
398 2863 563 2926 universus
573 2859 687 2923 Christi
701 2879 776 2940 grex
793 2880 847 2940 per
862 2880 915 2923 eos
928 2861 967 2922 eb
978 2863 1098 2925 erroris·

122 2971 277 3018 venenosa
292 2971 362 3015 esea
378 2969 518 3026 aversus,
541 2949 678 3013 coelestis
691 2949 843 3013 doctrina
859 2949 976 3030 pabulo
992 2952 1098 3013 nutri·

122 3051 221 3120 retur,
239 3050 274 3106 ut
288 3041 413 3106 sublata
427 3040 606 3104 schismatis
620 3039 784 3104 occasione
799 3040 936 3103 Ecclesia
952 3048 1014 3103 tota
1030 3059 1097 3104 una

122 3140 358 3198 conservaretur
395 3139 489 3211 atque
523 3145 581 3192 suo
619 3127 827 3192 fundamento
860 3129 970 3193 innixa
1001 3127 1096 3191 firma

123 3223 273 3286 adversus
292 3219 383 3283 inferi
408 3227 515 3302 portas
536 3218 731 3281 consisteret.

162 3313 202 3376 'ht
215 3328 291 3374 vero
305 3328 378 3373 cum
392 3309 453 3372 hac
467 3308 536 3390 ipsa
549 3313 649 3383 aetate,
666 3325 729 3389 qua
748 3303 909 3370 salutifera
921 3306 1094 3390 Apostolrcr

122 3401 265 3466 muneris
291 3398 427 3462 efficacia
453 3396 502 3460 rel
532 3397 669 3459 maxime
697 3396 889 3480 requiritur,
916 3415 980 3462 non
1003 3399 1096 3483 pauci

97 3503 115 3558 d

94 3636 102 3698 Σ
153 3640 177 3692 l.
195 3636 223 3691 8.
235 3637 288 3704 Cyn.
296 3635 369 3686 Alex.
383 3634 414 3684 td
426 3631 454 3683 S.
467 3631 565 3683 Goelest.
578 3631 605 3680 P.

152 3709 178 3762 2.
196 3709 223 3760 S.
249 3721 324 3758 onoc.
365 3743 369 3753 .
381 3704 412 3756 ed
423 3703 497 3755 Gonc.
508 3700 591 3754 Carth.
602 3712 627 3755 rt
639 3699 741 3754 hlileril.

153 3782 177 3834 8.
193 3779 231 3832 Cf.
246 3779 271 3830 S.
286 3779 357 3829 Bern.
372 3776 451 3840 Epist.
462 3773 516 3826 tto.

154 3855 180 3906 l.
195 3851 232 3906 Gi.
244 3852 270 3903 S.
283 3849 406 3916 Agathou.
419 3848 493 3907 epist.
513 3847 543 3897 ed
554 3857 664 3899 inruere
679 3845 753 3899 (leuc.
764 3851 906 3904 ocumw.
920 3845 1054 3896 reprobet·
