2604 4196
453 303 541 348 trare
561 303 718 354 succuum.
1010 310 1067 370 525

133 402 207 464 698.
232 401 303 464 Haec
325 400 405 463 dicta
427 409 497 464 sunt
514 404 602 482 Juxta
616 407 761 472 sancitae
778 409 830 475 SS.
846 413 1068 484 Pontificibus:

91 487 146 550 sod
161 489 216 552 hlc
230 489 325 570 quaeri
340 495 437 570 potest
449 509 488 552 an
503 493 540 553 sit
553 493 695 574 obligatio
705 515 742 560 ex
752 499 821 578 iure
835 507 963 568 naturali
975 527 1070 573 sacer·

92 577 199 639 dotem
215 586 426 659 corruptorem
438 579 650 646 denuntiandi.
967 619 969 624 ·

133 666 321 728 affirmative
343 666 459 730 videtur
478 687 543 731 esse
564 673 811 752 respondendum
830 699 900 742 cum
915 685 947 747 P.
966 687 1067 770 dury,

91 759 170 819 tom.
184 761 217 828 2,
238 766 272 816 n⁰
285 759 356 833 552,
376 757 439 818 DD.
459 758 597 835 Bourier,
615 759 740 826 Dr'sarrt.
758 765 791 826 in
804 778 916 832 acetum
933 771 1069 858 Decolopi

88 854 291 926 praeceptum,
312 864 374 907 non
400 845 499 907 solum
520 848 618 928 quoad
642 851 878 934 confessarium,
902 861 954 922 sed
979 865 1069 926 etiam

92 933 196 1012 quoad
205 933 394 996 sacerdotem
406 934 491 995 valde
501 937 703 1016 perniciosum
714 959 824 1028 magna
836 947 975 1012 seandala
988 971 1069 1031 prae-

93 1020 218 1083 bentem
242 1031 294 1085 aut
313 1023 425 1085 multos
447 1022 550 1086 fideles
566 1038 831 1112 corrumpentem,
852 1035 897 1098 vel
919 1037 944 1098 si
964 1042 1069 1119 praevi·

91 1109 200 1172 deatur
217 1112 301 1193 qudd
315 1112 353 1172 sit
365 1120 561 1193 corrupturus
577 1132 585 1176 ε
606 1123 650 1177 est
663 1119 744 1179 enim
761 1120 850 1203 lupus
864 1123 896 1186 in
908 1127 990 1206 ovili,
1006 1149 1068 1209 quo

93 1199 174 1276 viso,
196 1219 325 1280 omnes,
347 1201 461 1282 absque
482 1204 585 1280 mort,
608 1205 738 1282 clanrare
758 1209 879 1274 debent.
905 1216 962 1276 Sed
986 1225 1069 1280 extra

93 1307 201 1351 casum
217 1291 422 1372 suppositum,
435 1292 599 1371 generatim
614 1294 781 1376 Episcopus
795 1319 856 1361 non
869 1309 965 1382 potest
975 1307 1069 1386 poeni-

94 1383 207 1440 tentem
223 1379 359 1459 obligare
374 1379 410 1439 nd
423 1379 665 1444 denuntiandum
680 1385 898 1451 confessarium
909 1393 955 1452 vel
969 1411 1066 1457 sacer-

92 1465 195 1529 dotem
209 1467 247 1529 ad
261 1468 361 1548 turpia
376 1467 596 1531 sollicitantem.

531 1619 628 1636 Q

464 1735 611 1804 CAPUT
636 1742 701 1810 ΙΙΙ.

171 1890 216 1934 DE
245 1889 572 1942 SACRAMENTALIBUS
598 1899 641 1942 ET
667 1901 984 1958 BENEDICTlthllillS·

505 2139 597 2203 ΛΒΤ.
626 2143 648 2206 l.

404 2271 442 2319 nr
463 2271 748 2332 sternuaurruaus.

127 2401 198 2460 699.
225 2397 292 2458 Non
307 2395 385 2458 bene
399 2401 584 2465 concordant
596 2413 733 2470 auctores
747 2408 777 2470 in
788 2413 915 2494 eoquod
930 2416 966 2478 sit
977 2418 1060 2483 intel·

91 2485 250 2567 ligandum
274 2503 328 2566 per
345 2485 594 2555 Sacramentolr'o.
618 2497 793 2560 Accuratilrs
820 2511 920 2564 autem
943 2505 1061 2572 definiri

90 2575 231 2638 ridentur
246 2593 254 2636 τ
270 2596 285 2633 a
300 2576 505 2656 Resquaedam
515 2587 565 2642 aut
579 2583 710 2646 actiones
725 2587 762 2647 ab
774 2589 906 2652 Ecclesia
920 2592 1062 2660 instituta
1163 2589 1167 2601 ⁸

96 2671 160 2726 net
178 2671 364 2726 consecratae
386 2665 424 2726 ad
444 2669 591 2746 quosdam
612 2672 735 2736 effectus
761 2677 929 2758 spirituales
949 2685 1060 2764 produ-

96 2775 111 2811 α
129 2753 245 2817 candos
257 2774 288 2816 a.

129 2845 220 2906 Juxta
235 2841 315 2903 hanc
331 2841 538 2906 definitionem
553 2892 562 2921 ,
581 2849 813 2914 Sacramentalia
828 2875 890 2918 non
905 2866 976 2921 sunt
990 2861 1062 2925 ima·

92 2932 176 3011 gines
188 2939 242 2992 aut
255 2937 360 2992 statuae
374 2949 434 3008 non
445 2932 630 3012 benedictae3
653 2955 710 3000 nec
724 2939 872 3022 reliquiae,
889 2954 941 3008 aut
954 2949 1062 3014 similia

92 3038 158 3102 quae
170 3039 208 3081 ex
222 3019 333 3080 natura
343 3019 411 3097 sort,
429 3039 489 3082 nou
505 3041 542 3084 ex
563 3023 773 3090 benedictione
786 3031 927 3096 Ecclesiae
941 3037 979 3098 ad
994 3039 1061 3120 pie-

92 3115 181 3170 tatem
197 3114 321 3169 movent
334 3128 342 3184 ;
359 3126 415 3170 nec
430 3110 582 3174 esculenta
596 3114 710 3196 privata
723 3119 842 3181 tantum
852 3120 1061 3194 benedictione

92 3197 291 3272 sanctiticata3
327 3215 383 3259 nec
415 3197 627 3282 eleemosyna,
658 3207 758 3267 tunsio
789 3213 935 3290 pectoris,
966 3219 1060 3282 oratio

92 3285 260 3357 dominica,
277 3304 364 3366 quaa,
378 3304 439 3348 non
453 3289 610 3370 Ecclesia,
626 3293 679 3354 sed
696 3296 809 3375 privata
824 3305 941 3364 tantum
955 3313 1059 3371 auoto-

92 3373 175 3437 ritate
190 3381 388 3456 peraguntur.

129 3465 189 3526 Sex
209 3463 445 3526 Sacramentalia
461 3469 664 3532 communiter
682 3479 931 3542 enumeranturd
950 3500 1057 3548 recen-

94 3553 229 3627 tioribus,
240 3570 351 3633 nempe
367 3571 375 3613 ε

214 3665 303 3726 Oreus,
315 3665 417 3727 tinctus,
430 3667 520 3730 edens,
532 3671 672 3734 confessus,
686 3673 762 3737 dent,
775 3675 934 3732 benedicens.

133 3770 227 3832 Orous
242 3769 392 3848 significat
405 3773 579 3834 Orationem
592 3777 798 3857 Dominicam,
814 3787 866 3844 aut
875 3783 945 3844 alias
957 3801 1059 3863 preces
