2574 4198
429 379 431 384 Α
480 349 567 392 araur
587 347 718 393 ruarros.
1024 337 1076 397 ssssl

143 435 214 498 Alia
237 445 283 501 est
300 442 451 524 cfflr'rlicc
470 444 507 504 ad
530 463 621 524 quaro
642 444 803 508 damnatur
827 466 897 508 reus
917 448 948 510 iu
968 447 1082 526 judicio

96 525 273 590 convictus.
293 533 381 610 Apud
397 551 452 592 uos
467 531 558 593 hodie
572 531 749 595 difficillime
768 535 832 598 baec
844 554 934 614 -poena
948 537 978 596 io
993 553 1081 598 usum

99 611 200 693 redigi
219 626 339 696 posset,
356 619 412 680 uisi
428 619 505 682 forte
521 639 591 701 erga
606 621 732 682 clericos
752 625 803 703 qui
823 624 859 683 ad
875 631 994 704 tempus
1010 643 1081 704 pos-

98 709 173 761 sent
192 703 357 784 aliquando
380 707 517 769 damnari
539 709 577 770 ad
596 711 817 772 remanendum
837 710 914 772 iutra
930 719 1081 774 monaste-

100 786 207 864 rium,
222 793 418 856 seminarium
432 843 439 868 ,
455 797 502 858 vel
516 797 588 858 allas
598 798 711 858 similes
724 797 841 860 doctos.

142 888 194 950 lll.
219 891 374 955 Erillum.
390 896 424 954 lo
439 913 476 956 eo
489 896 698 958 consistithrec
709 915 796 976 poena
807 899 889 978 quod
902 917 969 960 reus
980 898 1081 979 expel-

100 974 183 1035 latur
200 977 218 1037 ὸ
231 978 371 1056 dioecesi,
388 983 517 1057 civitate,
534 991 585 1044 aut
595 985 633 1044 ab
647 985 705 1046 alio
720 986 785 1047 loco
797 1005 866 1048 curu
883 988 1081 1067 prohibitione

100 1067 288 1128 revertendi.
306 1069 384 1131 Raro
397 1073 487 1132 etiarn
503 1073 584 1152 apud
601 1092 655 1134 oos
668 1071 734 1135 haec
754 1094 844 1154 poena
862 1084 960 1156 potest
974 1075 1077 1155 inlligi.

144 1151 280 1216 Sileruus
294 1163 394 1217 autem
409 1159 447 1219 de
462 1159 527 1220 aliis
544 1161 640 1240 peruls
654 1163 886 1243 temporalibus,
903 1164 940 1224 eb
954 1163 1036 1243 quod
1050 1163 1079 1226 in

101 1242 250 1318 praesenti
278 1261 382 1306 rerunt
409 1253 508 1325 statu,
538 1249 712 1312 nullatenus
746 1251 917 1314 executioni
945 1251 1070 1314 nrandru

100 1327 217 1392 valent.

560 1453 660 1468 —

453 1591 619 1658 CAPUT
660 1596 734 1664 III.

204 1751 253 1797 DE
279 1749 390 1800 POEMS
415 1755 687 1804 ECCLESIASTICIS
712 1759 983 1809 MEDICINALIBUS

428 1861 491 1908 SEU
515 1863 561 1908 DE
588 1865 761 1911 CENSURIS·

543 1985 643 2000 η

516 2096 616 2156 ΛΒΤ.
647 2099 670 2158 1.

395 2231 434 2280 or
454 2235 593 2284 causaris
613 2240 644 2284 ur
664 2239 791 2291 curura.

546 2353 644 2366 —-

559 2457 623 2537 tl·

297 2577 342 2640 De
354 2580 464 2640 nutura
477 2589 506 2641 et
522 2581 666 2646 divisione
681 2585 891 2658 censurarum.

144 2725 216 2784 Str.
234 2753 272 2768 -
283 2723 306 2784 l.
325 2725 389 2783 Vox
406 2723 543 2787 Censuroe
561 2727 673 2810 duplici
688 2750 779 2796 sensu
795 2737 941 2818 accipitur
961 2741 993 2802 in
1011 2743 1079 2821 iure

103 2809 321 2886 ecclesiastico,
336 2811 493 2874 videlicet:
507 2819 538 2875 l⁰
552 2816 688 2897 designat
702 2823 854 2900 quoddam
869 2845 965 2904 genus
979 2849 1080 2908 poeua-

104 2915 189 2973 rum3
203 2901 236 2958 2⁰
247 2904 349 2960 uotam
362 2899 493 2962 inustam
504 2903 649 2968 doctrioae
663 2908 707 2968 rel
722 2909 809 2972 libro.
826 2914 859 2972 ln
875 2913 972 2991 primo
987 2935 1079 2982 sensu

105 2984 171 3048 baec
184 3004 241 3046 vox
259 2986 418 3050 adhibetur
435 2989 466 3050 in
487 2993 584 3072 capite
600 2997 751 3073 praesenti,
767 3003 799 3058 et
811 2998 972 3064 delinitur:
987 3003 1079 3068 Poena

104 3071 295 3136 medicinalis
304 3093 360 3154 per
370 3095 458 3157 qaam
473 3079 557 3141 domo
572 3081 744 3163 baptizatur,
760 3085 931 3169 delinquens
943 3101 972 3154 et
984 3102 1079 3158 contu·

104 3181 193 3237 mcx,
206 3162 361 3244 privatur,
371 3183 429 3245 per
437 3175 604 3246 potestatem
620 3173 854 3251 ecclesiasticam,
871 3197 924 3240 aru
936 3199 1075 3262 quorum·

105 3249 174 3312 dam
188 3250 330 3312 bonorum
342 3255 560 3334 optrituclr'um.

147 3348 262 3409 Dicitur
276 3351 307 3409 l⁰
318 3367 425 3429 precor
438 3354 521 3416 etsic
536 3359 676 3419 convenil
689 3379 759 3422 curn
775 3363 875 3442 poenis
890 3365 1079 3433 vindicativis

106 3435 145 3497 ab
154 3436 1076 3534 Ecclesitimpositis‚dcposilionenempe,degradatlone,etc.

108 3525 171 3586 flac
190 3531 294 3586 autem
315 3543 387 3588 voce
403 3545 532 3591 censura
553 3531 652 3594 differt
671 3536 732 3597 sive
754 3537 792 3598 ab
813 3538 1028 3622 irregularitate
1042 3565 1077 3608 ex

106 3610 248 3686 delectu,
263 3631 332 3692 quae
345 3616 427 3677 certo
448 3635 508 3679 uon
523 3627 568 3680 ost
582 3639 671 3700 poena
685 3624 757 3686 cbrn
770 3643 808 3688 ex
819 3629 907 3708 culpo
922 3649 983 3693 non
996 3633 1079 3694 oria-

107 3705 167 3776 tur,
183 3699 245 3760 rirc
259 3699 298 3760 ab
312 3699 529 3779 irregularitate
542 3725 578 3768 ex
593 3708 719 3787 delicto,
731 3732 799 3794 quae
810 3716 901 3778 etiam
917 3737 978 3780 oon
993 3719 1080 3782 vide-

104 3792 154 3845 tur
167 3805 260 3864 prena
275 3789 493 3866 propriedicla‚
506 3793 567 3854 irnb
580 3797 679 3872 potius
688 3807 733 3860 est
743 3800 914 3862 inlrabilitas
923 3805 1080 3925 erudelicto
