2590 4208
498 331 581 376 tltttttt
602 331 736 378 TEllTlDS·
1090 351 1108 408 3

128 447 177 502 est
201 437 287 518 quod
310 437 446 516 religiosi
465 438 531 518 jam
553 439 776 520 perfectionem
805 441 1021 522 acquisierint,
1047 452 1100 504 seu
1123 473 1126 482 ·

128 527 246 590 suflicit
259 526 342 606 quod
364 525 404 587 ad
428 525 527 602 illam,
542 525 699 606 pervarie
716 527 820 590 media
845 529 1005 612 quaeipsis
1026 548 1101 612 pro·

128 616 205 697 poni
223 614 335 688 solent,
353 615 517 695 pervenire
531 623 697 676 conentur.

169 702 317 765 Securmo
334 702 426 765 modo
441 701 591 765 delinitur
606 723 613 765 :
632 703 783 766 Fideliunr
798 705 838 765 ud
851 705 960 767 divine
973 705 1100 770 claritu-

127 795 169 854 tis
184 791 392 872 perfectionem
408 789 603 865 tendentium,
622 791 709 853 edilia
724 793 796 853 uotis
809 803 957 874 perpetuae
975 814 1098 874 pauper·

128 883 215 955 tcte't,
232 879 382 942 castitatis
402 887 429 941 et
447 879 629 954 obedientiae,
646 879 759 942 stabilia
781 882 812 942 in
826 882 974 942 curnmuni
986 883 1100 943 uiuendi

126 967 232 1030 modus
245 967 283 1030 ab
297 966 435 1031 Ecclesia
456 968 646 1049 approbatus.

169 1057 287 1120 Dicitur
310 1077 317 1117 τ
335 1057 366 1118 l·
380 1055 467 1120 editis
479 1059 552 1118 votis
567 1067 717 1138 perpetue
734 1059 933 1140 purtpcrlutis,
955 1061 1099 1121 castitatis

125 1157 153 1210 ct
170 1145 362 1221 obedientice3
378 1146 465 1226 quia,
483 1153 518 1207 ut
533 1147 688 1225 complete
707 1146 854 1208 tendatur
876 1146 915 1209 ad
930 1147 1098 1228 perlectio-

123 1236 177 1300 nis
191 1234 443 1316 acquisitionem,
461 1235 613 1296 removeri
629 1233 742 1296 debent
756 1253 826 1315 quae
838 1234 940 1298 solent
954 1236 1098 1298 homines

125 1325 166 1387 eb
191 1340 298 1386 amore
319 1321 373 1383 Dei
396 1332 533 1384 avertere
549 1332 579 1385 et
603 1331 754 1386 creaturae
779 1323 958 1400 devincire3
982 1323 1096 1402 hujus-

126 1411 214 1476 modi
230 1428 327 1492 porro
342 1421 416 1474 sunt
431 1410 515 1475 bona
530 1419 668 1486 externa,
684 1411 907 1475 delectationes
922 1412 1095 1488 sensibiles,

101 1567 107 1580 ,
125 1503 258 1584 proprio
270 1501 376 1562 sensui
390 1508 421 1561 et
431 1500 584 1576 voluntati
596 1500 745 1574 adhaesio,
756 1501 870 1581 quibus
882 1500 1031 1563 omnibus
1042 1521 1097 1580 per

124 1591 211 1653 dicta
224 1597 297 1651 vota
310 1589 517 1650 renuntiatur.
531 1587 661 1670 iusuper
671 1606 727 1670 per
741 1606 777 1650 ea
790 1597 889 1650 totum
905 1589 989 1670 quod
1000 1590 1098 1654 habe'-

125 1679 225 1742 bomo
239 1679 303 1739 Deo
318 1684 480 1738 consecrat
497 1697 503 1738 :
521 1676 606 1740 bona
620 1681 747 1739 externa
761 1694 875 1756 nempe
891 1695 945 1756 per
961 1695 1096 1758 pauper-

126 1767 211 1841 tatis,
227 1784 344 1847 corpus
356 1784 449 1827 suum
465 1784 520 1846 per
535 1765 696 1839 castitatis,
707 1764 971 1827 intimastandem
983 1767 1096 1828 animae

126 1856 311 1930 facultates,
332 1855 525 1918 voluntatem
549 1855 738 1935 praesertim,
761 1872 816 1933 per
836 1853 1017 1916 obedientia
1039 1872 1096 1917 vo·

124 1955 203 2007 tum.

166 2033 288 2096 Dicitur
306 2031 339 2093 2⁰
363 2029 475 2093 stabilis
490 2033 522 2093 in
545 2032 693 2094 comnruni
715 2031 833 2098 uiuendi
847 2031 946 2094 modus
962 2052 972 2095 .·
988 2052 1095 2114 quam·

123 2126 170 2186 ris
194 2124 281 2184 enim
303 2121 343 2183 ad
357 2121 524 2182 essentiam
547 2129 645 2182 status
667 2119 803 2198 religiosi
828 2121 889 2182 vita
916 2125 1093 2186 communis

122 2211 246 2276 nonsit
270 2210 303 2272 iu
328 2227 360 2272 se
383 2210 574 2282 necessaria,
600 2210 719 2290 quippe
734 2208 820 2271 luere
834 2211 910 2272 olim
940 2215 1004 2275 veri
1021 2213 1094 2276 reli·

122 2301 203 2380 giosi
217 2299 273 2380 qui
287 2297 384 2360 vitam
399 2298 591 2359 eremiticam
611 2296 769 2360 ducebant
778 2319 786 2375 ;
801 2299 892 2361 hodie
908 2309 1012 2364 tamen
1033 2304 1093 2366 hu·

122 2387 260 2473 jusmodi
276 2387 339 2448 vita
357 2386 541 2467 requiritur,
557 2397 592 2448 ut
609 2393 730 2449 constat
744 2406 813 2468 cap.
835 2389 942 2465 finali,
957 2392 999 2452 [le
1016 2393 1093 2454 reli-

123 2482 213 2563 pioeie
235 2475 388 2551 domitus,
404 2483 434 2536 et
454 2493 522 2555 cap,
540 2475 633 2538 unico
651 2475 759 2538 eodem
777 2476 879 2552 titulo,
903 2479 933 2538 in
959 2478 1011 2553 6⁰,
1036 2481 1092 2543 ubi

124 2569 275 2632 statuitur
288 2573 353 2626 uota
367 2563 507 2644 relipioeo
520 2563 620 2626 debere
633 2564 700 2644 fieri
718 2565 752 2624 in
765 2564 912 2643 relipioue
927 2569 1093 2646 approbato

122 2679 141 2720 n
154 2656 227 2724 Sede
240 2652 420 2736 Apostolieu,
442 2670 513 2733 quae
525 2668 588 2714 non
605 2651 760 2732 approbat
774 2652 835 2712 nisi
849 2659 964 2715 statum
982 2673 1092 2720 coeno-

123 2748 268 2820 biticum,
284 2761 339 2805 seu
351 2743 384 2803 in
396 2741 558 2803 communi
573 2740 757 2802 viventium.

163 2834 305 2897 Dicitur:
320 2835 354 2893 3⁰
369 2830 404 2892 ab
423 2828 562 2892 Ecclesia
582 2828 780 2910 approbetus;
797 2827 836 2891 de
851 2837 948 2893 status
963 2835 1092 2914 quidem

122 2919 410 3009 religiosi'essentia
425 2934 488 2979 non
504 2926 562 2992 est,
577 2915 662 2998 quod
675 2916 715 2978 ab
729 2916 867 2978 Ecclesia
884 2938 1028 3000 expresse
1043 2943 1093 3006 ap

123 3012 288 3094 probetur,
304 3025 377 3070 eum
401 3006 521 3087 absque
543 3006 611 3086 ejus
626 3005 856 3087 approbatione
871 3007 902 3068 in
919 3008 975 3072 illo
992 3023 1093 3092 potest

123 3099 259 3163 inveniri
274 3115 369 3159 omne
380 3094 465 3177 quod
481 3096 650 3176 ipsummet
664 3095 837 3170 constituit,
854 3113 967 3178 nempe
980 3101 1091 3164 obser.

123 3190 208 3252 ratio
223 3187 320 3250 trium
331 3184 536 3247 consiliorum
557 3184 824 3263 evangelicorum,
838 3202 911 3246 cum
926 3187 1093 3258 traditione

124 3282 173 3343 sut
192 3279 286 3355 lacta,
302 3282 359 3337 eta
373 3275 436 3336 Deo
450 3290 506 3354 per
519 3271 656 3354 aliquem
671 3280 840 3353 acceptata.
859 3273 1004 3339 Attamen
1019 3298 1091 3346 cum

54 3371 63 3392 '
124 3366 235 3430 nullus
249 3371 348 3429 status
362 3370 398 3424 ut
411 3361 475 3424 Deo
488 3369 596 3440 gratus
618 3369 649 3424 et
662 3361 701 3422 ab
715 3362 784 3441 ipso
799 3369 976 3442 acceptatus
996 3374 1093 3448 possit

125 3455 238 3519 baberi
253 3455 279 3516 si
291 3451 330 3514 ab
342 3451 481 3514 Ecclesia
495 3450 534 3511 sit
549 3449 739 3531 prohibitus,
751 3457 782 3511 et
795 3467 868 3512 cum
881 3450 974 3517 hodie
984 3456 1093 3525 Eccle-

126 3547 173 3607 sia
197 3541 362 3606 interdicat
379 3557 474 3602 omne
493 3539 672 3600 institutum
690 3538 870 3617 religiosum
884 3539 924 3602 ab
939 3543 1006 3626 ipsa
1027 3568 1092 3613 non

127 3633 352 3714 approbatum,
369 3626 464 3689 hodie
487 3628 555 3690 haec
577 3627 717 3690 conditio
731 3633 777 3690 est
789 3631 963 3694 necessaria
986 3647 1019 3698 ut
1032 3639 1093 3703 ali-

125 3723 199 3802 quis
210 3718 290 3783 ordo
304 3719 343 3779 sit
356 3716 550 3796 reputandus
568 3723 667 3778 status
678 3735 749 3781 vere
764 3717 938 3796 religiosus.

162 3808 234 3870 925.
257 3805 306 3868 Ad
333 3805 499 3867 essentiam
519 3821 591 3867 vero
618 3813 717 3868 status
735 3807 872 3878 relieiosi
893 3809 998 3874 stricte
1017 3813 1091 3878 dicti

1011 3903 1040 3945 9*
