2590 4208
214 237 251 298 4Ῑξξ
485 247 636 292 stuussra
659 243 740 292 tultis
761 244 908 292 csuoulcl.

216 385 228 422 r
246 362 390 425 'virorum
406 372 503 436 quam
520 353 702 428 mulierum,
726 352 818 414 liceat
841 354 925 416 bona
941 351 1121 415 immobilia
1135 349 1180 416 rel

217 473 229 508 ι
252 447 394 522 mobilia,
410 445 638 523 quuscumque
652 440 814 523 qualitatis
829 439 964 518 fuerint,
984 440 1081 502 etiam
1105 456 1180 520 quo·

214 561 227 596 n
252 539 299 600 vis
315 534 409 597 modo
424 532 464 595 ab
476 531 522 593 eis
537 531 701 612 acquisita,
720 537 1004 612 tanquamproprr'a‚
1021 539 1077 592 aut
1097 529 1180 591 etiam

214 652 226 682 υ
251 625 368 686 nomine
391 627 563 696 conventus,
588 619 736 702 possidere
750 619 797 680 vel
817 628 932 694 tenere,·
953 619 1005 682 sed
1023 618 1130 682 statim
1149 635 1182 680 ea

215 738 227 772 a
250 712 405 791 superiori
428 709 604 778 tradantur,
629 707 863 779 conventuique
887 708 1167 796 incorporentur·

217 804 249 864 ll.
266 801 467 874 litanialem
482 796 617 860 actutu
631 793 671 856 cl.
686 796 764 876 App.
783 815 814 859 n.
833 797 911 861 Xlll.

253 891 332 954 Nota
355 887 440 971 quod
466 886 658 966 incapacitas
679 883 859 967 possidendi
876 884 991 948 alliciat
1013 885 1183 966 religiosos,

216 999 278 1044 non
294 996 369 1042 vero
380 975 569 1038 monasteria
587 972 696 1055 (Trio,
713 992 786 1036 sess.
796 991 871 1050 xxv,
885 993 912 1038 o.
927 974 957 1050 3,
973 973 1183 1055 berceolum),

181 1097 187 1106 ·
216 1069 273 1130 nisi
289 1065 417 1150 speciali
431 1063 499 1143 lege
515 1061 722 1146 prohibeatur
737 1063 934 1125 monasteriis
950 1063 1128 1144 possidere,
1142 1063 1186 1125 uti

215 1157 413 1237 Capuccinis,
428 1152 546 1233 quibus
569 1169 627 1213 nec
642 1151 736 1213 etiam
751 1151 783 1213 in
798 1151 961 1215 communi
978 1151 1051 1214 licet
1067 1149 1186 1233 aliquid

189 1313 192 1318 ,
216 1245 341 1321 habere,
357 1252 388 1305 et
410 1258 545 1323 quorum
567 1239 649 1304 bona
670 1238 709 1302 ad
730 1239 900 1303 Ecclesiam
918 1240 1094 1303 Romanam
1117 1258 1188 1322 per·

217 1335 326 1394 tinent.

254 1420 324 1485 936.
348 1421 391 1483 De
403 1419 576 1500 quastione
591 1419 738 1500 quisnam
752 1420 945 1499 paupertatis
958 1417 1076 1498 gradus
1088 1419 1190 1500 requi-

217 1518 305 1572 ratur
324 1509 363 1572 ad
384 1507 552 1571 essentiam
577 1516 677 1568 status
700 1506 863 1586 religiosi,
890 1505 1084 1586 disceptatur
1104 1505 1189 1588 apud
1274 1565 1275 1590 ,

216 1600 374 1663 Doctores.
400 1597 496 1661 Porro
516 1596 548 1658 l⁰
564 1594 728 1677 probabile
742 1603 788 1658 est
802 1603 919 1658 statum
934 1595 1119 1676 religiosum
1134 1615 1189 1659 ex·

216 1689 313 1750 titisse
337 1684 509 1768 aliquando
534 1703 608 1748 cum
634 1683 702 1746 solo
727 1691 840 1765 quarto
856 1683 978 1762 gradu,
1003 1683 1190 1746 excludente

216 1779 372 1842 duntaxat
387 1774 618 1856 superfluorum
635 1790 745 1848 usum,
764 1771 896 1852 proinde
911 1771 1078 1854 probabile
1103 1773 1189 1854 pari·
1275 1775 1276 1810 i

204 1876 263 1928 ‘ter
282 1873 328 1928 est
348 1864 439 1926 illum
457 1861 591 1943 gradum
606 1859 750 1923 sulficere
766 1860 804 1922 ad
820 1870 920 1924 slatus
933 1861 1071 1940 religiosi
1086 1880 1187 1924 esseu-

215 1955 301 2016 tiam.
324 1953 356 2015 ln
374 1951 591 2033 probationem
614 1949 742 2012 affertur
755 1949 959 2030 antiquorum
973 1951 1188 2014 solitariorum

215 2041 409 2122 exemplum.

255 2127 288 2191 2⁰
310 2127 506 2190 Probabilius
520 2137 625 2190 tamen
639 2127 700 2190 dici
717 2134 819 2209 potest
833 2145 957 2209 semper
972 2128 1111 2208 riguisse
1127 2135 1184 2190 ter·
1277 2193 1278 2212 ἢ

215 2219 294 2280 tium
310 2215 501 2297 paupertatis
516 2215 661 2295 gradum,
679 2233 772 2278 usum
787 2215 946 2278 bonorum
962 2215 1183 2298 independen-

216 2318 277 2368 tem
300 2303 531 2381 excludentem,
555 2305 630 2384 quia
659 2304 835 2385 proprietas
858 2323 1035 2386 repugnare
1062 2305 1186 2369 videtur

214 2393 307 2456 statui
336 2392 534 2475 perfectionis
557 2414 563 2452 :
593 2391 785 2467 «Quamdiu
805 2394 891 2456 enim
913 2413 962 2456 res
985 2402 1139 2458 tractatur
1154 2407 1186 2458 ut

211 2483 346 2569 propria,
361 2487 483 2544 amatur
496 2491 531 2544 ut
542 2483 681 2565 propria,
698 2491 752 2546 aut
766 2483 877 2546 saltem
892 2481 984 2546 valde
1011 2483 1188 2548 timendum

215 2569 362 2652 estquod
378 2571 482 2633 taliter
503 2579 646 2634 ametur:
672 2571 757 2634 unda
778 2589 867 2636 amor
881 2589 945 2635 nou
961 2580 1008 2634 est
1026 2591 1139 2648 purus.
1155 2573 1190 2636 Et

215 2659 319 2740 quoad
342 2659 500 2722 solitarios
514 2661 680 2740 antiquos,
696 2660 867 2723 dicendum
888 2671 933 2718 est
945 2654 1173 2722 illoslrabuisse

216 2766 291 2810 sane
306 2748 429 2830 aliquos
445 2750 634 2829 superiores,
662 2748 803 2830 alioquin
825 2767 888 2811 non
912 2748 1045 2812 luissent
1060 2751 1126 2812 reri
1142 2769 1189 2812 re-

213 2836 333 2914 limosi,
349 2855 421 2899 cum
443 2837 528 2918 apud
551 2855 662 2900 omnes
676 2844 796 2901 constet
811 2837 950 2919 aliquam
976 2837 1186 2903 obedientiam

212 2942 278 2987 esse
293 2926 387 2988 statui
404 2925 551 3005 religioso
566 2927 775 2989 essentialem.

251 3017 283 3076 3⁰
304 3013 480 3077 Probabilis
498 3022 545 3076 est
568 3033 641 3094 ergo
667 3013 706 3076 ad
730 3015 897 3076 essentiam
921 3014 1060 3096 religiosi
1087 3023 1184 3078 status

211 3102 329 3183 requiri
345 3103 457 3164 saltem
472 3102 606 3181 gradum
623 3104 750 3166 tertium
766 3105 970 3184 paupertatis.
988 3103 1050 3166 Sed
1066 3106 1185 3186 inquiri

212 3200 314 3271 potest
328 3209 367 3252 an
389 3190 539 3266 sufficiat;
567 3200 598 3254 et
613 3191 796 3274 responderi
819 3198 919 3273 potest
943 3191 1029 3273 quod
1045 3203 1131 3256 certe
1146 3193 1186 3256 ita

210 3283 269 3353 sit;
286 3288 317 3339 et
331 3277 361 3339 id
377 3281 508 3340 constari
525 3279 712 3362 l⁰exemplo
728 3282 933 3361 antiquorum
948 3280 1182 3360 religiosorum,

214 3366 265 3429 SS.
281 3367 426 3443 Antonii,
448 3367 625 3440 Hilarionis,
642 3378 714 3443 ete,
737 3369 792 3450 qui
810 3368 1011 3450 possiderunt
1030 3370 1140 3451 aliqua
1156 3383 1184 3432 er

213 3462 397 3518 testamenta
412 3457 638 3533 condiderunt;
656 3455 688 3519 2⁰
702 3458 782 3520 rotis
796 3455 1065 3520 Scholasticorum
1082 3459 1116 3522 in
1130 3458 1183 3523 So·

210 3545 322 3608 eierare
335 3543 426 3618 lesu,
443 3546 496 3626 qui
513 3555 679 3608 remanent
693 3545 815 3608 domini
836 3563 988 3627 oapaoes3
1011 3555 1042 3608 et
1067 3554 1183 3619 tamen,

205 3635 295 3712 juxta
315 3631 419 3695 Cousl.
435 3632 561 3712 Gregor.
578 3634 663 3710 Xlll,
677 3645 747 3696 suat
762 3635 827 3697 aeri
841 3643 870 3700 ct
883 3636 1010 3716 proprie
1022 3634 1100 3696 dicti
1114 3636 1181 3699 reli·

207 3722 299 3806 piosi3
316 3729 346 3783 et
361 3731 488 3804 propter
504 3723 587 3784 hane
601 3725 821 3786 auctoritatem
834 3724 974 3786 diximus
986 3735 1107 3788 certam
1118 3741 1181 3788 esse
