2590 4208
164 301 202 362 82
437 299 592 346 stertente
612 295 694 344 mltis
714 291 862 342 amentor.
901 319 906 324 -

168 428 211 490 tia
235 419 446 503 superiorum,
473 413 655 487 recitando,
671 411 714 474 ob
726 405 903 491 quamlibet
918 401 1142 466 rationabilem

169 528 309 587 causam,
325 506 463 570 officium
482 519 718 567 conversarum.

557 747 759 812 scflottutt.

246 947 271 994 1ο
286 946 326 994 De
340 943 479 1007 privilagio
495 941 658 1004 cocolariam
675 938 787 1004 cltqatdl
809 937 860 988 atat
875 941 1073 987 conservatam.

213 1089 300 1151 l0302.
334 1088 574 1150 conservatorum
607 1087 735 1148 nomine
771 1083 993 1162 intelliguntur
1025 1081 1150 1164 iudices

172 1179 322 1260 speciales
338 1194 355 1236 a
372 1173 485 1236 Sancta
500 1171 579 1236 Sede
592 1173 725 1252 delegati
742 1172 781 1234 ad
796 1172 930 1252 aliquos,
952 1179 1064 1234 contra
1079 1188 1148 1232 ma·

172 1264 300 1332 nilestas
314 1263 444 1344 injurias
458 1270 488 1324 et
504 1262 677 1340 molestiaS,
695 1260 813 1342 absque
827 1259 976 1340 indagine
988 1259 1147 1340 judiciali,

178 1353 397 1416 defendendos.

214 1441 247 1503 ln
263 1458 319 1502 saa
334 1439 438 1502 Const.
455 1439 677 1514 Sanctissimae,
695 1438 820 1518 Gregor.
835 1437 890 1500 XV
904 1438 1013 1500 statuit
1027 1444 1073 1516 ut,
1091 1456 1150 1502 co·

175 1548 241 1592 ram
256 1528 540 1603 conservatoribus
558 1528 940 1608 regularespersouaeque
955 1527 988 1588 in
1005 1527 1075 1608 ipsa
1089 1526 1150 1588 de·

174 1621 303 1699 signatae
316 1617 477 1680 conveniri
497 1617 618 1697 possint
632 1638 641 1694 ;
657 1616 709 1678 sed
726 1614 888 1697 prohibuit
903 1633 943 1677 ne
964 1615 1044 1676 alias
1068 1633 1150 1697 prae·

174 1717 220 1769 ter
234 1714 424 1768 memoratas
439 1723 546 1767 coram
561 1705 672 1766 iisdem
687 1705 888 1768 coruveniant.

213 1795 381 1874 Regulares
394 1794 509 1874 eligere
528 1793 587 1855 sibi
603 1792 720 1856 debent
735 1802 969 1857 conservatores
992 1795 1024 1855 in
1040 1793 1150 1872 singu·

173 1885 212 1948 lis
226 1883 414 1946 dioecesibus
429 1884 462 1944 in
477 1882 593 1963 quibas
607 1893 799 1947 conventum
814 1881 942 1944 habent.

214 1973 282 2035 Duo
296 1973 463 2054 requirunt
478 1973 510 2033 in
527 1971 823 2047 Conservatorlbus‚
840 1990 953 2052 nempe
975 1975 1007 2034 l⁰
1032 1978 1068 2033 ut
1092 1971 1149 2032 ha·

174 2061 270 2124 beant
291 2061 380 2123 dotes
398 2061 564 2142 requisitas
585 2061 616 2122 in
633 2060 786 2138 Delegatis
810 2079 826 2122 a
849 2059 929 2122 Sede
951 2058 1149 2141 apostolica,

176 2151 208 2211 2⁰
224 2163 257 2212 ut
273 2150 336 2210 sint
346 2149 465 2227 judices
477 2149 660 2230 synodales,
677 2150 727 2212 vel
743 2148 964 2231 provinciales.

216 2237 247 2300 Si
264 2237 344 2298 nulli
366 2239 562 2319 reperiantur
581 2237 702 2319 judices
717 2238 883 2320 synodales
899 2246 954 2301 aut
966 2239 1148 2319 provincia·

176 2329 231 2401 les,
248 2325 361 2404 eligere
377 2334 508 2407 possunt
523 2328 682 2412 regulares
697 2346 749 2389 eos
764 2329 819 2408 qui
840 2326 966 2389 dotibus
987 2327 1150 2409 requisitis

175 2415 299 2498 praediti
312 2424 402 2492 sunt3
419 2415 473 2477 sed
489 2415 533 2476 sie
546 2417 635 2479 electi
651 2435 753 2492 suam,
768 2416 872 2478 clectis
883 2415 1045 2498 judicibus
1060 2435 1150 2498 syno

175 2503 311 2577 dalibus,
339 2503 485 2566 amittunt
503 2503 756 2585 jurisdictionem
781 2524 788 2566 :
810 2505 887 2567 dam
910 2514 1151 2569 conservatores

175 2595 207 2656 in
223 2591 349 2674 Synodo
363 2593 452 2655 electi
474 2593 612 2655 amoveri
628 2601 792 2674 nequeunt
806 2613 862 2674 per
876 2595 1149 2675 quinquennium,

178 2683 236 2742 uisi
251 2700 288 2743 ex
302 2683 384 2762 justa
399 2699 510 2756 caasa,
528 2700 584 2763 per
599 2680 712 2744 Sedem
727 2682 939 2764 Apostolicam
955 2693 1009 2745 aut
1029 2701 1086 2763 per
1099 2681 1151 2747 Or·

176 2768 337 2831 dinarium
352 2770 567 2851 approbanda.

215 2859 341 2921 Nullam
357 2859 451 2920 habet
458 2858 707 2940 jurisdictionem
723 2859 930 2924 conservator
944 2861 1076 2942 quando
1089 2881 1151 2924 ma·

176 2947 287 3009 nit'esta
302 2965 366 3010 non
381 2957 427 3008 est
440 2948 573 3029 inJuria,
590 2948 632 3010 ita
648 2959 683 3012 ut
694 2948 877 3031 judicialem
897 2948 1081 3029 indaginem
1095 2969 1149 3014 re-

176 3039 291 3116 quirat.

216 3125 318 3185 Etiam
335 3132 443 3186 contra
459 3123 631 3207 Episcopos
653 3127 822 3208 procedere
836 3136 967 3208 possunt
983 3126 1150 3192 Conserva-

177 3227 270 3284 tores,
287 3212 340 3273 sed
356 3211 496 3274 modeste
510 3213 552 3276 ob
574 3217 781 3278 reverentiam
798 3215 978 3297 Episcopali
998 3216 1149 3296 Dignitati

177 3302 326 3365 debitam.
346 3299 509 3380 (Manuale,
524 3301 565 3362 n¹⁵
589 3303 793 3386 aeta-2954.)

218 3391 305 3451 1033.
330 3387 362 3450 2⁰
376 3389 419 3451 De
434 3388 655 3455 Cardinalibus
669 3393 911 3456 Protectoribus.

216 3479 305 3539 Tales
319 3487 393 3541 sunt
408 3478 589 3542 cardinales
604 3500 621 3543 a
637 3481 769 3546 Summo
783 3482 935 3547 Pontifice
948 3483 1099 3562 assignati
1117 3495 1150 3546 ut

178 3567 330 3630 institutis
354 3568 506 3648 religiosis
528 3570 672 3650 praesidio
696 3571 768 3634 sint.
794 3570 929 3638 Multum
955 3569 1148 3635 diffamata

177 3654 481 3718 conservatoribus:
507 3675 571 3719 non
597 3660 702 3722 solum
726 3661 800 3740 quia
827 3657 1063 3738 aregularibas
1083 3678 1146 3724 nou

177 3744 335 3824 eliguntur
351 3755 382 3808 et
402 3755 476 3808 sunt
490 3764 547 3827 pro
561 3749 711 3812 omnibus
725 3748 844 3814 ordinis
859 3748 1077 3832 monasteriis,
1093 3750 1147 3814 sed
