<?xml version="1.0" encoding="UTF-8"?>
<!DOCTYPE html PUBLIC "-//W3C//DTD XHTML 1.0 Transitional//EN"
    "http://www.w3.org/TR/xhtml1/DTD/xhtml1-transitional.dtd">
<html xmlns="http://www.w3.org/1999/xhtml" xml:lang="en" lang="en">
 <head>
  <title>
</title>
<meta http-equiv="Content-Type" content="text/html;charset=utf-8" />
  <meta name='ocr-system' content='tesseract 3.04.00' />
  <meta name='ocr-capabilities' content='ocr_page ocr_carea ocr_par ocr_line ocrx_word'/>
</head>
<body>
  <div class='ocr_page' id='page_1' title='image "./elementajurisca00craigoog_0335.png"; bbox 0 0 2590 4208; ppageno 0'>
   <div class='ocr_carea' id='block_1_1' title="bbox 159 285 859 354">
    <p class='ocr_par' dir='ltr' id='par_1_1' title="bbox 159 285 859 354">
     <span class='ocr_line' id='line_1_1' title="bbox 159 285 859 354; baseline -0.039 0"><span class='ocrx_word' id='word_1_1' title='bbox 159 293 197 354; x_wconf 78' lang='lat' dir='ltr'><strong>tt</strong></span> <span class='ocrx_word' id='word_1_2' title='bbox 436 295 590 342; x_wconf 80' lang='lat' dir='ltr'><strong>stannum</strong></span> <span class='ocrx_word' id='word_1_3' title='bbox 611 290 693 338; x_wconf 78' lang='lat' dir='ltr'><strong>runis</strong></span> <span class='ocrx_word' id='word_1_4' title='bbox 714 285 859 333; x_wconf 73' lang='lat' dir='ltr'><strong>onuouvov.</strong></span> 
     </span>
    </p>
   </div>
   <div class='ocr_carea' id='block_1_2' title="bbox 166 377 1226 760">
    <p class='ocr_par' dir='ltr' id='par_1_2' title="bbox 166 377 1226 760">
     <span class='ocr_line' id='line_1_2' title="bbox 166 377 1143 482; baseline -0.042 -2"><span class='ocrx_word' id='word_1_5' title='bbox 166 435 238 482; x_wconf 88' lang='lat' dir='ltr'><strong>nem</strong></span> <span class='ocrx_word' id='word_1_6' title='bbox 263 412 383 476; x_wconf 88' lang='lat' dir='ltr'><strong>audire.</strong></span> <span class='ocrx_word' id='word_1_7' title='bbox 400 441 438 456; x_wconf 91' lang='lat'>-</span> <span class='ocrx_word' id='word_1_8' title='bbox 453 407 488 469; x_wconf 94' lang='lat' dir='ltr'><strong>ln</strong></span> <span class='ocrx_word' id='word_1_9' title='bbox 504 401 641 468; x_wconf 87' lang='lat' dir='ltr'><strong>secundo</strong></span> <span class='ocrx_word' id='word_1_10' title='bbox 662 415 749 470; x_wconf 88' lang='lat' dir='ltr'><strong>casu,</strong></span> <span class='ocrx_word' id='word_1_11' title='bbox 768 389 888 457; x_wconf 90' lang='lat' dir='ltr'><strong>absolvi</strong></span> <span class='ocrx_word' id='word_1_12' title='bbox 903 389 1071 467; x_wconf 86' lang='lat' dir='ltr'><strong>nequeunt</strong></span> <span class='ocrx_word' id='word_1_13' title='bbox 1083 377 1143 442; x_wconf 89' lang='lat' dir='ltr'><strong>nrsi</strong></span> 
     </span>
     <span class='ocr_line' id='line_1_3' title="bbox 168 481 1000 578; baseline -0.043 -8"><span class='ocrx_word' id='word_1_14' title='bbox 168 527 186 570; x_wconf 88' lang='lat' dir='ltr'><strong>a</strong></span> <span class='ocrx_word' id='word_1_15' title='bbox 202 501 361 567; x_wconf 78' lang='lat' dir='ltr'><strong>sacerdote</strong></span> <span class='ocrx_word' id='word_1_16' title='bbox 376 496 551 578; x_wconf 87' lang='lat' dir='ltr'><strong>approbato</strong></span> <span class='ocrx_word' id='word_1_17' title='bbox 566 492 606 554; x_wconf 89' lang='lat' dir='ltr'><strong>ab</strong></span> <span class='ocrx_word' id='word_1_18' title='bbox 621 485 788 554; x_wconf 86' lang='lat' dir='ltr'><strong>Ordinario</strong></span> <span class='ocrx_word' id='word_1_19' title='bbox 807 481 1000 546; x_wconf 82' lang='lat' dir='ltr'><strong>dioecesano.</strong></span> 
     </span>
     <span class='ocr_line' id='line_1_4' title="bbox 209 556 1147 664; baseline -0.041 -10"><span class='ocrx_word' id='word_1_20' title='bbox 209 596 278 656; x_wconf 78' lang='lat'><strong>967.</strong></span> <span class='ocrx_word' id='word_1_21' title='bbox 307 587 429 664; x_wconf 69' lang='lat' dir='ltr'><strong>Quaerit.</strong></span> <span class='ocrx_word' id='word_1_22' title='bbox 447 585 480 646; x_wconf 71' lang='lat'><strong>4⁰</strong></span> <span class='ocrx_word' id='word_1_23' title='bbox 493 583 643 659; x_wconf 85' lang='lat' dir='ltr'><strong>Quaenam</strong></span> <span class='ocrx_word' id='word_1_24' title='bbox 663 577 726 639; x_wconf 81' lang='lat' dir='ltr'><strong>sint</strong></span> <span class='ocrx_word' id='word_1_25' title='bbox 743 572 937 635; x_wconf 90' lang='lat' dir='ltr'><strong>novitiorum</strong></span> <span class='ocrx_word' id='word_1_26' title='bbox 954 556 1147 646; x_wconf 77' lang='lat' dir='ltr'><strong>privilegiet</strong></span> 
     </span>
     <span class='ocr_line' id='line_1_5' title="bbox 211 647 1226 760; baseline -0.041 -16"><span class='ocrx_word' id='word_1_27' title='bbox 211 683 303 760; x_wconf 84' lang='lat' dir='ltr'><strong>Resp.</strong></span> <span class='ocrx_word' id='word_1_28' title='bbox 328 676 442 738; x_wconf 88' lang='lat' dir='ltr'><strong>lisdem</strong></span> <span class='ocrx_word' id='word_1_29' title='bbox 467 669 638 754; x_wconf 90' lang='lat' dir='ltr'><strong>privilegiis</strong></span> <span class='ocrx_word' id='word_1_30' title='bbox 660 663 832 747; x_wconf 79' lang='lat' dir='ltr'><strong>generatim</strong></span> <span class='ocrx_word' id='word_1_31' title='bbox 859 653 999 739; x_wconf 77' lang='lat' dir='ltr'><strong>gaudent</strong></span> <span class='ocrx_word' id='word_1_32' title='bbox 1032 647 1149 730; x_wconf 87' lang='lat' dir='ltr'><strong>quibus</strong></span> <span class='ocrx_word' id='word_1_33' title='bbox 1224 691 1226 695; x_wconf 14' lang='grc' dir='ltr'><em>Α</em></span> 
     </span>
    </p>
   </div>
   <div class='ocr_carea' id='block_1_3' title="bbox 142 735 1170 2264">
    <p class='ocr_par' dir='ltr' id='par_1_3' title="bbox 142 735 1170 2264">
     <span class='ocr_line' id='line_1_6' title="bbox 174 735 1147 845; baseline -0.039 -12"><span class='ocrx_word' id='word_1_34' title='bbox 174 771 323 834; x_wconf 87' lang='lat' dir='ltr'><strong>fruuntur</strong></span> <span class='ocrx_word' id='word_1_35' title='bbox 345 763 475 845; x_wconf 74' lang='lat' dir='ltr'><strong>professi</strong></span> <span class='ocrx_word' id='word_1_36' title='bbox 500 759 625 823; x_wconf 85' lang='lat' dir='ltr'><strong>Ordinis</strong></span> <span class='ocrx_word' id='word_1_37' title='bbox 651 771 745 834; x_wconf 88' lang='lat' dir='ltr'><strong>quem</strong></span> <span class='ocrx_word' id='word_1_38' title='bbox 779 745 924 830; x_wconf 89' lang='lat' dir='ltr'><strong>amplecti</strong></span> <span class='ocrx_word' id='word_1_39' title='bbox 954 735 1147 834; x_wconf 70' lang='lat' dir='ltr'><strong>intendunt‚</strong></span> 
     </span>
     <span class='ocr_line' id='line_1_7' title="bbox 174 834 1151 942; baseline -0.043 -19"><span class='ocrx_word' id='word_1_40' title='bbox 174 861 262 942; x_wconf 77' lang='lat' dir='ltr'><strong>juxta</strong></span> <span class='ocrx_word' id='word_1_41' title='bbox 277 854 419 933; x_wconf 90' lang='lat' dir='ltr'><strong>regulam</strong></span> <span class='ocrx_word' id='word_1_42' title='bbox 435 850 512 915; x_wconf 85' lang='lat' dir='ltr'><strong>iuris</strong></span> <span class='ocrx_word' id='word_1_43' title='bbox 527 849 581 924; x_wconf 32' lang='lat'><strong>552¹</strong></span> <span class='ocrx_word' id='word_1_44' title='bbox 599 847 631 907; x_wconf 94' lang='lat' dir='ltr'><strong>in</strong></span> <span class='ocrx_word' id='word_1_45' title='bbox 655 849 688 906; x_wconf 83' lang='lat'><strong>6⁰</strong></span> <span class='ocrx_word' id='word_1_46' title='bbox 710 861 718 906; x_wconf 90' lang='lat'><strong>:</strong></span> <span class='ocrx_word' id='word_1_47' title='bbox 736 841 794 918; x_wconf 82' lang='lat' dir='ltr'><strong>Qui</strong></span> <span class='ocrx_word' id='word_1_48' title='bbox 813 837 902 899; x_wconf 80' lang='lat' dir='ltr'><strong>sentit</strong></span> <span class='ocrx_word' id='word_1_49' title='bbox 926 849 1021 906; x_wconf 80' lang='lat' dir='ltr'><strong>onos,</strong></span> <span class='ocrx_word' id='word_1_50' title='bbox 1046 834 1151 886; x_wconf 74' lang='lat' dir='ltr'><strong>sentam</strong></span> 
     </span>
     <span class='ocr_line' id='line_1_8' title="bbox 176 935 1136 1008; baseline -0.031 0"><span class='ocrx_word' id='word_1_51' title='bbox 176 947 256 1008; x_wconf 83' lang='lat' dir='ltr'><strong>debet</strong></span> <span class='ocrx_word' id='word_1_52' title='bbox 271 955 298 1004; x_wconf 86' lang='lat' dir='ltr'><strong>et</strong></span> <span class='ocrx_word' id='word_1_53' title='bbox 311 935 503 1006; x_wconf 77' lang='lat' dir='ltr'><strong>commodum.</strong></span> <span class='ocrx_word' id='word_1_54' title='bbox 1132 1000 1136 1008; x_wconf 27' lang='lat'>¹</span> 
     </span>
     <span class='ocr_line' id='line_1_9' title="bbox 219 1003 1156 1113; baseline -0.038 -17"><span class='ocrx_word' id='word_1_55' title='bbox 219 1030 450 1113; x_wconf 85' lang='lat' dir='ltr'><strong>indulgentiam</strong></span> <span class='ocrx_word' id='word_1_56' title='bbox 477 1025 653 1110; x_wconf 84' lang='lat' dir='ltr'><strong>plenariam</strong></span> <span class='ocrx_word' id='word_1_57' title='bbox 682 1022 847 1084; x_wconf 86' lang='lat' dir='ltr'><strong>lucrantur</strong></span> <span class='ocrx_word' id='word_1_58' title='bbox 868 1011 919 1074; x_wconf 89' lang='lat' dir='ltr'><strong>die</strong></span> <span class='ocrx_word' id='word_1_59' title='bbox 943 1003 1156 1086; x_wconf 74' lang='lat' dir='ltr'><strong>susceptionis</strong></span> 
     </span>
     <span class='ocr_line' id='line_1_10' title="bbox 181 1099 1157 1198; baseline -0.037 -13"><span class='ocrx_word' id='word_1_60' title='bbox 181 1122 311 1186; x_wconf 89' lang='lat' dir='ltr'><strong>habitus</strong></span> <span class='ocrx_word' id='word_1_61' title='bbox 333 1129 364 1180; x_wconf 93' lang='lat' dir='ltr'><strong>et</strong></span> <span class='ocrx_word' id='word_1_62' title='bbox 383 1115 596 1198; x_wconf 83' lang='lat' dir='ltr'><strong>professionis,</strong></span> <span class='ocrx_word' id='word_1_63' title='bbox 614 1108 783 1195; x_wconf 75' lang='lat' dir='ltr'><strong>premissis</strong></span> <span class='ocrx_word' id='word_1_64' title='bbox 802 1099 999 1168; x_wconf 86' lang='lat' dir='ltr'><strong>confessione</strong></span> <span class='ocrx_word' id='word_1_65' title='bbox 1021 1102 1053 1156; x_wconf 86' lang='lat' dir='ltr'><strong>et</strong></span> <span class='ocrx_word' id='word_1_66' title='bbox 1075 1107 1157 1153; x_wconf 90' lang='lat' dir='ltr'><strong>com-</strong></span> 
     </span>
     <span class='ocr_line' id='line_1_11' title="bbox 183 1177 1156 1286; baseline -0.036 -13"><span class='ocrx_word' id='word_1_67' title='bbox 183 1211 343 1283; x_wconf 83' lang='lat' dir='ltr'><strong>munione,</strong></span> <span class='ocrx_word' id='word_1_68' title='bbox 360 1205 490 1286; x_wconf 89' lang='lat' dir='ltr'><strong>quando</strong></span> <span class='ocrx_word' id='word_1_69' title='bbox 511 1204 613 1279; x_wconf 87' lang='lat' dir='ltr'><strong>agitur</strong></span> <span class='ocrx_word' id='word_1_70' title='bbox 635 1201 674 1262; x_wconf 88' lang='lat' dir='ltr'><strong>de</strong></span> <span class='ocrx_word' id='word_1_71' title='bbox 689 1196 842 1276; x_wconf 87' lang='lat' dir='ltr'><strong>religione</strong></span> <span class='ocrx_word' id='word_1_72' title='bbox 862 1188 990 1272; x_wconf 87' lang='lat' dir='ltr'><strong>proprie</strong></span> <span class='ocrx_word' id='word_1_73' title='bbox 1006 1183 1104 1246; x_wconf 89' lang='lat' dir='ltr'><strong>dicta.</strong></span> <span class='ocrx_word' id='word_1_74' title='bbox 1122 1177 1156 1238; x_wconf 94' lang='lat' dir='ltr'><strong>ln</strong></span> 
     </span>
     <span class='ocr_line' id='line_1_12' title="bbox 185 1270 1160 1363; baseline -0.035 -2"><span class='ocrx_word' id='word_1_75' title='bbox 185 1301 252 1363; x_wconf 89' lang='lat' dir='ltr'><strong>aliis</strong></span> <span class='ocrx_word' id='word_1_76' title='bbox 267 1314 340 1358; x_wconf 91' lang='lat' dir='ltr'><strong>vero</strong></span> <span class='ocrx_word' id='word_1_77' title='bbox 355 1293 507 1356; x_wconf 88' lang='lat' dir='ltr'><strong>institutis</strong></span> <span class='ocrx_word' id='word_1_78' title='bbox 523 1293 605 1353; x_wconf 89' lang='lat' dir='ltr'><strong>hanc</strong></span> <span class='ocrx_word' id='word_1_79' title='bbox 620 1308 685 1352; x_wconf 93' lang='lat' dir='ltr'><strong>non</strong></span> <span class='ocrx_word' id='word_1_80' title='bbox 702 1287 876 1354; x_wconf 78' lang='lat' dir='ltr'><strong>lucrantur,</strong></span> <span class='ocrx_word' id='word_1_81' title='bbox 892 1278 951 1340; x_wconf 87' lang='lat' dir='ltr'><strong>nisi</strong></span> <span class='ocrx_word' id='word_1_82' title='bbox 968 1273 999 1336; x_wconf 91' lang='lat' dir='ltr'><strong>id</strong></span> <span class='ocrx_word' id='word_1_83' title='bbox 1013 1270 1160 1334; x_wconf 87' lang='lat' dir='ltr'><strong>instituto</strong></span> 
     </span>
     <span class='ocr_line' id='line_1_13' title="bbox 187 1358 1159 1450; baseline -0.034 0"><span class='ocrx_word' id='word_1_84' title='bbox 187 1390 225 1450; x_wconf 89' lang='lat' dir='ltr'><strong>sit</strong></span> <span class='ocrx_word' id='word_1_85' title='bbox 237 1405 254 1448; x_wconf 93' lang='lat' dir='ltr'><strong>a</strong></span> <span class='ocrx_word' id='word_1_86' title='bbox 265 1385 378 1448; x_wconf 80' lang='lat' dir='ltr'><strong>Sancta</strong></span> <span class='ocrx_word' id='word_1_87' title='bbox 389 1381 469 1446; x_wconf 86' lang='lat' dir='ltr'><strong>Sede</strong></span> <span class='ocrx_word' id='word_1_88' title='bbox 479 1397 672 1443; x_wconf 88' lang='lat' dir='ltr'><strong>conoessum.</strong></span> <span class='ocrx_word' id='word_1_89' title='bbox 685 1377 729 1438; x_wconf 89' lang='lat' dir='ltr'><strong>lta</strong></span> <span class='ocrx_word' id='word_1_90' title='bbox 738 1376 834 1436; x_wconf 86' lang='lat' dir='ltr'><strong>Breve</strong></span> <span class='ocrx_word' id='word_1_91' title='bbox 843 1371 990 1433; x_wconf 81' lang='lat' dir='ltr'><strong>Romanos</strong></span> <span class='ocrx_word' id='word_1_92' title='bbox 1002 1358 1159 1438; x_wconf 71' lang='lat' dir='ltr'><strong>Pontifex,</strong></span> 
     </span>
     <span class='ocr_line' id='line_1_14' title="bbox 188 1445 1164 1543; baseline -0.034 -5"><span class='ocrx_word' id='word_1_93' title='bbox 188 1475 274 1539; x_wconf 88' lang='lat' dir='ltr'><strong>Pauli</strong></span> <span class='ocrx_word' id='word_1_94' title='bbox 289 1473 321 1536; x_wconf 88' lang='lat' dir='ltr'><strong>V.</strong></span> <span class='ocrx_word' id='word_1_95' title='bbox 339 1507 378 1519; x_wconf 93' lang='lat'><em>-</em></span> <span class='ocrx_word' id='word_1_96' title='bbox 394 1472 460 1532; x_wconf 86' lang='lat' dir='ltr'><strong>lrno</strong></span> <span class='ocrx_word' id='word_1_97' title='bbox 476 1478 510 1532; x_wconf 91' lang='lat' dir='ltr'><strong>ut</strong></span> <span class='ocrx_word' id='word_1_98' title='bbox 526 1468 647 1530; x_wconf 77' lang='lat' dir='ltr'><strong>favores</strong></span> <span class='ocrx_word' id='word_1_99' title='bbox 661 1464 749 1529; x_wconf 84' lang='lat' dir='ltr'><strong>Sedis</strong></span> <span class='ocrx_word' id='word_1_100' title='bbox 766 1457 952 1543; x_wconf 64' lang='lat' dir='ltr'><strong>spostolicae</strong></span> <span class='ocrx_word' id='word_1_101' title='bbox 968 1451 1047 1516; x_wconf 92' lang='lat' dir='ltr'><strong>ordo</strong></span> <span class='ocrx_word' id='word_1_102' title='bbox 1065 1445 1164 1530; x_wconf 84' lang='lat' dir='ltr'><strong>possit</strong></span> 
     </span>
     <span class='ocr_line' id='line_1_15' title="bbox 186 1533 1165 1640; baseline -0.036 -12"><span class='ocrx_word' id='word_1_103' title='bbox 186 1564 352 1636; x_wconf 89' lang='lat' dir='ltr'><strong>obtinere,</strong></span> <span class='ocrx_word' id='word_1_104' title='bbox 378 1559 550 1640; x_wconf 81' lang='lat' dir='ltr'><strong>requiritur</strong></span> <span class='ocrx_word' id='word_1_105' title='bbox 566 1565 600 1620; x_wconf 92' lang='lat' dir='ltr'><strong>ot</strong></span> <span class='ocrx_word' id='word_1_106' title='bbox 620 1557 648 1617; x_wconf 86' lang='lat' dir='ltr'><strong>ei</strong></span> <span class='ocrx_word' id='word_1_107' title='bbox 674 1554 786 1616; x_wconf 87' lang='lat' dir='ltr'><strong>saltem</strong></span> <span class='ocrx_word' id='word_1_108' title='bbox 814 1551 911 1610; x_wconf 86' lang='lat' dir='ltr'><strong>Breve</strong></span> <span class='ocrx_word' id='word_1_109' title='bbox 931 1540 1045 1606; x_wconf 81' lang='lat' dir='ltr'><strong>Laudis</strong></span> <span class='ocrx_word' id='word_1_110' title='bbox 1070 1533 1165 1603; x_wconf 88' lang='lat' dir='ltr'><strong>fuerit</strong></span> 
     </span>
     <span class='ocr_line' id='line_1_16' title="bbox 190 1651 397 1734; baseline -0.034 -18"><span class='ocrx_word' id='word_1_111' title='bbox 190 1651 397 1734; x_wconf 83' lang='lat' dir='ltr'><strong>impertitum.</strong></span> 
     </span>
     <span class='ocr_line' id='line_1_17' title="bbox 142 1713 1166 1815; baseline -0.03 -10"><span class='ocrx_word' id='word_1_112' title='bbox 142 1771 145 1784; x_wconf 89' lang='lat'>·</span> <span class='ocrx_word' id='word_1_113' title='bbox 229 1745 298 1804; x_wconf 85' lang='grc'>968.</span> <span class='ocrx_word' id='word_1_114' title='bbox 323 1737 446 1813; x_wconf 82' lang='lat' dir='ltr'><strong>Quaerit.</strong></span> <span class='ocrx_word' id='word_1_115' title='bbox 469 1740 503 1798; x_wconf 82' lang='lat'><strong>5⁰</strong></span> <span class='ocrx_word' id='word_1_116' title='bbox 517 1735 542 1797; x_wconf 83' lang='lat' dir='ltr'>A</span> <span class='ocrx_word' id='word_1_117' title='bbox 557 1752 621 1815; x_wconf 89' lang='lat' dir='ltr'><strong>quo</strong></span> <span class='ocrx_word' id='word_1_118' title='bbox 636 1733 793 1814; x_wconf 80' lang='lat' dir='ltr'><strong>Episcopo</strong></span> <span class='ocrx_word' id='word_1_119' title='bbox 815 1725 926 1789; x_wconf 91' lang='lat' dir='ltr'><strong>novitii</strong></span> <span class='ocrx_word' id='word_1_120' title='bbox 948 1719 1056 1784; x_wconf 86' lang='lat' dir='ltr'><strong>clerici</strong></span> <span class='ocrx_word' id='word_1_121' title='bbox 1078 1713 1166 1778; x_wconf 89' lang='lat' dir='ltr'><strong>ordi·</strong></span> 
     </span>
     <span class='ocr_line' id='line_1_18' title="bbox 192 1827 391 1892; baseline -0.025 0"><span class='ocrx_word' id='word_1_122' title='bbox 192 1829 290 1892; x_wconf 87' lang='lat' dir='ltr'><strong>nandi</strong></span> <span class='ocrx_word' id='word_1_123' title='bbox 306 1827 391 1889; x_wconf 85' lang='lat' dir='ltr'><strong>sintf</strong></span> 
     </span>
     <span class='ocr_line' id='line_1_19' title="bbox 233 1895 1165 1997; baseline -0.028 -19"><span class='ocrx_word' id='word_1_124' title='bbox 233 1919 324 1997; x_wconf 85' lang='lat' dir='ltr'><strong>Resp.</strong></span> <span class='ocrx_word' id='word_1_125' title='bbox 351 1913 625 1985; x_wconf 69' lang='lat' dir='ltr'><strong>iuxtaterram,</strong></span> <span class='ocrx_word' id='word_1_126' title='bbox 648 1911 695 1972; x_wconf 83' lang='lat' dir='ltr'><strong>ao</strong></span> <span class='ocrx_word' id='word_1_127' title='bbox 708 1905 875 1972; x_wconf 78' lang='lat' dir='ltr'><strong>ordinario</strong></span> <span class='ocrx_word' id='word_1_128' title='bbox 897 1899 958 1964; x_wconf 91' lang='lat' dir='ltr'><strong>loci</strong></span> <span class='ocrx_word' id='word_1_129' title='bbox 981 1895 1165 1959; x_wconf 76' lang='lat' dir='ltr'><strong>novitiatus.</strong></span> 
     </span>
     <span class='ocr_line' id='line_1_20' title="bbox 161 1988 1170 2097; baseline -0.03 -26"><span class='ocrx_word' id='word_1_130' title='bbox 161 2083 169 2097; x_wconf 26' lang='lat' dir='ltr'><em>e</em></span> <span class='ocrx_word' id='word_1_131' title='bbox 191 2009 287 2070; x_wconf 79' lang='lat' dir='ltr'><strong>torta</strong></span> <span class='ocrx_word' id='word_1_132' title='bbox 299 2022 373 2068; x_wconf 90' lang='lat' dir='ltr'><strong>vero</strong></span> <span class='ocrx_word' id='word_1_133' title='bbox 385 2003 510 2079; x_wconf 81' lang='lat' dir='ltr'><strong>Suarez‚</strong></span> <span class='ocrx_word' id='word_1_134' title='bbox 527 2000 721 2082; x_wconf 86' lang='lat' dir='ltr'><strong>probabilius</strong></span> <span class='ocrx_word' id='word_1_135' title='bbox 737 1997 776 2059; x_wconf 90' lang='lat' dir='ltr'><strong>ab</strong></span> <span class='ocrx_word' id='word_1_136' title='bbox 791 1995 948 2076; x_wconf 86' lang='lat' dir='ltr'><strong>Episcopo</strong></span> <span class='ocrx_word' id='word_1_137' title='bbox 964 2006 982 2049; x_wconf 91' lang='lat' dir='ltr'><strong>a</strong></span> <span class='ocrx_word' id='word_1_138' title='bbox 1003 2003 1081 2066; x_wconf 81' lang='lat' dir='ltr'><strong>quo,</strong></span> <span class='ocrx_word' id='word_1_139' title='bbox 1098 1988 1170 2044; x_wconf 89' lang='lat' dir='ltr'><strong>ante</strong></span> 
     </span>
     <span class='ocr_line' id='line_1_21' title="bbox 196 2075 1169 2170; baseline -0.028 -12"><span class='ocrx_word' id='word_1_140' title='bbox 196 2095 404 2168; x_wconf 83' lang='lat' dir='ltr'><strong>novitiatum,</strong></span> <span class='ocrx_word' id='word_1_141' title='bbox 418 2090 546 2154; x_wconf 90' lang='lat' dir='ltr'><strong>ordines</strong></span> <span class='ocrx_word' id='word_1_142' title='bbox 558 2091 699 2170; x_wconf 88' lang='lat' dir='ltr'><strong>accipere</strong></span> <span class='ocrx_word' id='word_1_143' title='bbox 713 2085 882 2156; x_wconf 87' lang='lat' dir='ltr'><strong>debebant,</strong></span> <span class='ocrx_word' id='word_1_144' title='bbox 898 2079 958 2142; x_wconf 89' lang='lat' dir='ltr'><strong>nisi</strong></span> <span class='ocrx_word' id='word_1_145' title='bbox 975 2075 1169 2143; x_wconf 87' lang='lat' dir='ltr'><strong>institutum,</strong></span> 
     </span>
     <span class='ocr_line' id='line_1_22' title="bbox 196 2163 1130 2264; baseline -0.025 -19"><span class='ocrx_word' id='word_1_146' title='bbox 196 2190 292 2264; x_wconf 84' lang='lat' dir='ltr'><strong>prout</strong></span> <span class='ocrx_word' id='word_1_147' title='bbox 306 2181 436 2243; x_wconf 88' lang='lat' dir='ltr'><strong>societas</strong></span> <span class='ocrx_word' id='word_1_148' title='bbox 454 2179 543 2256; x_wconf 89' lang='lat' dir='ltr'><strong>Jesu,</strong></span> <span class='ocrx_word' id='word_1_149' title='bbox 559 2178 710 2260; x_wconf 85' lang='lat' dir='ltr'><strong>specialia</strong></span> <span class='ocrx_word' id='word_1_150' title='bbox 725 2177 757 2238; x_wconf 97' lang='lat' dir='ltr'><strong>in</strong></span> <span class='ocrx_word' id='word_1_151' title='bbox 773 2192 810 2237; x_wconf 91' lang='lat' dir='ltr'><strong>eo</strong></span> <span class='ocrx_word' id='word_1_152' title='bbox 825 2171 937 2234; x_wconf 87' lang='lat' dir='ltr'><strong>habeat</strong></span> <span class='ocrx_word' id='word_1_153' title='bbox 951 2163 1130 2250; x_wconf 87' lang='lat' dir='ltr'><strong>privilegia.</strong></span> 
     </span>
    </p>
   </div>
   <div class='ocr_carea' id='block_1_4' title="bbox 647 2385 721 2466">
    <p class='ocr_par' dir='ltr' id='par_1_4' title="bbox 647 2385 721 2466">
     <span class='ocr_line' id='line_1_23' title="bbox 647 2385 721 2466; baseline -0.014 -17"><span class='ocrx_word' id='word_1_154' title='bbox 647 2389 662 2466; x_wconf 65' lang='lat' dir='ltr'><strong>a</strong></span> <span class='ocrx_word' id='word_1_155' title='bbox 685 2385 721 2448; x_wconf 93' lang='lat' dir='ltr'><strong>n.</strong></span> 
     </span>
    </p>
   </div>
   <div class='ocr_carea' id='block_1_5' title="bbox 478 2539 898 2624">
    <p class='ocr_par' dir='ltr' id='par_1_5' title="bbox 478 2539 898 2624">
     <span class='ocr_line' id='line_1_24' title="bbox 478 2539 898 2624; baseline -0.021 -18"><span class='ocrx_word' id='word_1_156' title='bbox 478 2545 521 2606; x_wconf 87' lang='lat' dir='ltr'><strong>De</strong></span> <span class='ocrx_word' id='word_1_157' title='bbox 545 2543 730 2624; x_wconf 74' lang='lat' dir='ltr'><strong>Professiooe</strong></span> <span class='ocrx_word' id='word_1_158' title='bbox 751 2539 898 2619; x_wconf 75' lang='lat' dir='ltr'><strong>religioso.</strong></span> 
     </span>
    </p>
   </div>
   <div class='ocr_carea' id='block_1_6' title="bbox 200 2681 1185 3850">
    <p class='ocr_par' dir='ltr' id='par_1_6' title="bbox 200 2681 1182 3321">
     <span class='ocr_line' id='line_1_25' title="bbox 244 2681 1176 2780; baseline -0.032 -8"><span class='ocrx_word' id='word_1_159' title='bbox 244 2713 312 2772; x_wconf 82' lang='grc'>969.</span> <span class='ocrx_word' id='word_1_160' title='bbox 337 2704 491 2770; x_wconf 89' lang='lat' dir='ltr'><strong>Professio</strong></span> <span class='ocrx_word' id='word_1_161' title='bbox 505 2702 651 2780; x_wconf 88' lang='lat' dir='ltr'><strong>religiosa</strong></span> <span class='ocrx_word' id='word_1_162' title='bbox 667 2701 699 2762; x_wconf 93' lang='lat' dir='ltr'><strong>in</strong></span> <span class='ocrx_word' id='word_1_163' title='bbox 724 2715 838 2778; x_wconf 89' lang='lat' dir='ltr'><strong>genere</strong></span> <span class='ocrx_word' id='word_1_164' title='bbox 853 2701 899 2756; x_wconf 89' lang='lat' dir='ltr'><strong>cst</strong></span> <span class='ocrx_word' id='word_1_165' title='bbox 925 2689 1054 2754; x_wconf 83' lang='lat' dir='ltr'><strong>traditio</strong></span> <span class='ocrx_word' id='word_1_166' title='bbox 1075 2681 1176 2750; x_wconf 81' lang='lat' dir='ltr'><strong>suiad</strong></span> 
     </span>
     <span class='ocr_line' id='line_1_26' title="bbox 200 2777 1178 2872; baseline -0.028 -10"><span class='ocrx_word' id='word_1_167' title='bbox 200 2799 317 2862; x_wconf 70' lang='lat' dir='ltr'><strong>cultum</strong></span> <span class='ocrx_word' id='word_1_168' title='bbox 331 2795 466 2858; x_wconf 85' lang='lat' dir='ltr'><strong>divinum</strong></span> <span class='ocrx_word' id='word_1_169' title='bbox 482 2799 512 2856; x_wconf 82' lang='lat' dir='ltr'><strong>tn</strong></span> <span class='ocrx_word' id='word_1_170' title='bbox 531 2791 676 2872; x_wconf 72' lang='lat' dir='ltr'><strong>reiigione</strong></span> <span class='ocrx_word' id='word_1_171' title='bbox 689 2787 851 2868; x_wconf 84' lang='lat' dir='ltr'><strong>approbato</strong></span> <span class='ocrx_word' id='word_1_172' title='bbox 865 2803 930 2862; x_wconf 72' lang='lat' dir='ltr'><strong>quae</strong></span> <span class='ocrx_word' id='word_1_173' title='bbox 944 2781 1019 2843; x_wconf 81' lang='lat' dir='ltr'><strong>dono</strong></span> <span class='ocrx_word' id='word_1_174' title='bbox 1033 2777 1178 2840; x_wconf 81' lang='lat' dir='ltr'><strong>traditio-</strong></span> 
     </span>
     <span class='ocr_line' id='line_1_27' title="bbox 207 2866 1179 2967; baseline -0.026 -16"><span class='ocrx_word' id='word_1_175' title='bbox 207 2909 272 2951; x_wconf 83' lang='lat' dir='ltr'><strong>nem</strong></span> <span class='ocrx_word' id='word_1_176' title='bbox 286 2885 407 2967; x_wconf 82' lang='lat' dir='ltr'><strong>occipit.</strong></span> <span class='ocrx_word' id='word_1_177' title='bbox 424 2884 456 2945; x_wconf 88' lang='lat' dir='ltr'><strong>Si</strong></span> <span class='ocrx_word' id='word_1_178' title='bbox 471 2876 737 2961; x_wconf 25' lang='lat' dir='ltr'><strong>huic-definitioni</strong></span> <span class='ocrx_word' id='word_1_179' title='bbox 760 2874 924 2954; x_wconf 87' lang='lat' dir='ltr'><strong>adjiciatur</strong></span> <span class='ocrx_word' id='word_1_180' title='bbox 945 2891 952 2932; x_wconf 77' lang='grc' dir='ltr'><strong>ε</strong></span> <span class='ocrx_word' id='word_1_181' title='bbox 970 2870 1010 2932; x_wconf 89' lang='lat' dir='ltr'><strong>od</strong></span> <span class='ocrx_word' id='word_1_182' title='bbox 1024 2866 1179 2931; x_wconf 83' lang='lat' dir='ltr'><strong>vivendum</strong></span> 
     </span>
     <span class='ocr_line' id='line_1_28' title="bbox 204 2957 1180 3054; baseline -0.024 -14"><span class='ocrx_word' id='word_1_183' title='bbox 204 2988 293 3050; x_wconf 76' lang='lat' dir='ltr'><strong>coste,</strong></span> <span class='ocrx_word' id='word_1_184' title='bbox 307 2977 369 3036; x_wconf 85' lang='lat' dir='ltr'><strong>sine</strong></span> <span class='ocrx_word' id='word_1_185' title='bbox 381 2973 502 3054; x_wconf 83' lang='lat' dir='ltr'><strong>proprio</strong></span> <span class='ocrx_word' id='word_1_186' title='bbox 516 2980 543 3034; x_wconf 88' lang='lat' dir='ltr'><strong>et</strong></span> <span class='ocrx_word' id='word_1_187' title='bbox 555 2969 606 3032; x_wconf 84' lang='lat' dir='ltr'><strong>sub</strong></span> <span class='ocrx_word' id='word_1_188' title='bbox 622 2966 794 3039; x_wconf 82' lang='lat' dir='ltr'><strong>obedientia,</strong></span> <span class='ocrx_word' id='word_1_189' title='bbox 811 2963 870 3025; x_wconf 89' lang='lat' dir='ltr'><strong>erit</strong></span> <span class='ocrx_word' id='word_1_190' title='bbox 894 2960 1036 3024; x_wconf 90' lang='lat' dir='ltr'><strong>delinitio</strong></span> <span class='ocrx_word' id='word_1_191' title='bbox 1056 2957 1133 3038; x_wconf 93' lang='lat' dir='ltr'><strong>prof</strong></span> <span class='ocrx_word' id='word_1_192' title='bbox 1165 2989 1180 3000; x_wconf 95' lang='lat'>-</span> 
     </span>
     <span class='ocr_line' id='line_1_29' title="bbox 211 3046 1182 3144; baseline -0.022 -15"><span class='ocrx_word' id='word_1_193' title='bbox 211 3067 308 3130; x_wconf 87' lang='lat' dir='ltr'><strong>sionis</strong></span> <span class='ocrx_word' id='word_1_194' title='bbox 322 3063 448 3144; x_wconf 90' lang='lat' dir='ltr'><strong>proprie</strong></span> <span class='ocrx_word' id='word_1_195' title='bbox 467 3061 636 3139; x_wconf 81' lang='lat' dir='ltr'><strong>religiosa,</strong></span> <span class='ocrx_word' id='word_1_196' title='bbox 654 3057 719 3118; x_wconf 91' lang='lat' dir='ltr'><strong>imo</strong></span> <span class='ocrx_word' id='word_1_197' title='bbox 737 3061 768 3116; x_wconf 87' lang='lat' dir='ltr'><strong>et</strong></span> <span class='ocrx_word' id='word_1_198' title='bbox 782 3053 888 3116; x_wconf 89' lang='lat' dir='ltr'><strong>stricte</strong></span> <span class='ocrx_word' id='word_1_199' title='bbox 902 3050 992 3113; x_wconf 78' lang='lat' dir='ltr'><strong>dicta</strong></span> <span class='ocrx_word' id='word_1_200' title='bbox 1007 3049 1033 3110; x_wconf 91' lang='lat' dir='ltr'><strong>si</strong></span> <span class='ocrx_word' id='word_1_201' title='bbox 1054 3046 1182 3110; x_wconf 89' lang='lat' dir='ltr'><strong>traditio</strong></span> 
     </span>
     <span class='ocr_line' id='line_1_30' title="bbox 212 3137 1182 3230; baseline -0.021 -12"><span class='ocrx_word' id='word_1_202' title='bbox 212 3157 265 3218; x_wconf 86' lang='lat' dir='ltr'><strong>liat</strong></span> <span class='ocrx_word' id='word_1_203' title='bbox 277 3161 308 3214; x_wconf 88' lang='lat' dir='ltr'><strong>et</strong></span> <span class='ocrx_word' id='word_1_204' title='bbox 323 3149 494 3230; x_wconf 87' lang='lat' dir='ltr'><strong>accipiatur</strong></span> <span class='ocrx_word' id='word_1_205' title='bbox 504 3147 697 3224; x_wconf 87' lang='lat' dir='ltr'><strong>solemniter,</strong></span> <span class='ocrx_word' id='word_1_206' title='bbox 713 3143 746 3216; x_wconf 90' lang='lat' dir='ltr'><strong>in</strong></span> <span class='ocrx_word' id='word_1_207' title='bbox 760 3141 913 3222; x_wconf 87' lang='lat' dir='ltr'><strong>religione</strong></span> <span class='ocrx_word' id='word_1_208' title='bbox 927 3138 967 3202; x_wconf 89' lang='lat' dir='ltr'><strong>ad</strong></span> <span class='ocrx_word' id='word_1_209' title='bbox 982 3139 1043 3201; x_wconf 88' lang='lat' dir='ltr'><strong>hoo</strong></span> <span class='ocrx_word' id='word_1_210' title='bbox 1059 3137 1182 3220; x_wconf 85' lang='lat' dir='ltr'><strong>spacia-</strong></span> 
     </span>
     <span class='ocr_line' id='line_1_31' title="bbox 211 3239 482 3321; baseline -0.03 -14"><span class='ocrx_word' id='word_1_211' title='bbox 211 3244 282 3307; x_wconf 88' lang='lat' dir='ltr'><strong>liter</strong></span> <span class='ocrx_word' id='word_1_212' title='bbox 298 3239 482 3321; x_wconf 86' lang='lat' dir='ltr'><strong>approbata.</strong></span> 
     </span>
    </p>

    <p class='ocr_par' dir='ltr' id='par_1_7' title="bbox 209 3316 1185 3483">
     <span class='ocr_line' id='line_1_32' title="bbox 251 3316 1185 3408; baseline -0.016 -16"><span class='ocrx_word' id='word_1_213' title='bbox 251 3329 348 3408; x_wconf 88' lang='lat' dir='ltr'><strong>Igitur</strong></span> <span class='ocrx_word' id='word_1_214' title='bbox 364 3326 515 3408; x_wconf 84' lang='lat' dir='ltr'><strong>professio</strong></span> <span class='ocrx_word' id='word_1_215' title='bbox 530 3325 592 3388; x_wconf 91' lang='lat' dir='ltr'><strong>alia</strong></span> <span class='ocrx_word' id='word_1_216' title='bbox 617 3331 663 3388; x_wconf 90' lang='lat' dir='ltr'><strong>est</strong></span> <span class='ocrx_word' id='word_1_217' title='bbox 677 3323 740 3384; x_wconf 87' lang='lat' dir='ltr'><strong>late</strong></span> <span class='ocrx_word' id='word_1_218' title='bbox 762 3326 910 3401; x_wconf 87' lang='lat' dir='ltr'><strong>sumpta,</strong></span> <span class='ocrx_word' id='word_1_219' title='bbox 935 3317 996 3380; x_wconf 88' lang='lat' dir='ltr'><strong>alia</strong></span> <span class='ocrx_word' id='word_1_220' title='bbox 1016 3316 1136 3392; x_wconf 85' lang='lat' dir='ltr'><strong>stricte,</strong></span> <span class='ocrx_word' id='word_1_221' title='bbox 1156 3323 1185 3377; x_wconf 90' lang='lat' dir='ltr'><strong>et</strong></span> 
     </span>
     <span class='ocr_line' id='line_1_33' title="bbox 209 3413 701 3483; baseline -0.016 -1"><span class='ocrx_word' id='word_1_222' title='bbox 209 3420 308 3483; x_wconf 86' lang='lat' dir='ltr'><strong>ctiam</strong></span> <span class='ocrx_word' id='word_1_223' title='bbox 324 3417 385 3478; x_wconf 88' lang='lat' dir='ltr'><strong>alia</strong></span> <span class='ocrx_word' id='word_1_224' title='bbox 399 3414 592 3478; x_wconf 88' lang='lat' dir='ltr'><strong>strictissime</strong></span> <span class='ocrx_word' id='word_1_225' title='bbox 607 3413 701 3476; x_wconf 89' lang='lat' dir='ltr'><strong>dicta.</strong></span> 
     </span>
    </p>

    <p class='ocr_par' dir='ltr' id='par_1_8' title="bbox 212 3492 1185 3763">
     <span class='ocr_line' id='line_1_34' title="bbox 254 3492 1185 3586; baseline -0.016 -17"><span class='ocrx_word' id='word_1_226' title='bbox 254 3507 331 3569; x_wconf 89' lang='lat' dir='ltr'><strong>ltem</strong></span> <span class='ocrx_word' id='word_1_227' title='bbox 347 3505 497 3586; x_wconf 88' lang='lat' dir='ltr'><strong>professio</strong></span> <span class='ocrx_word' id='word_1_228' title='bbox 512 3509 690 3585; x_wconf 87' lang='lat' dir='ltr'><strong>potestesse</strong></span> <span class='ocrx_word' id='word_1_229' title='bbox 704 3517 850 3582; x_wconf 78' lang='lat' dir='ltr'><strong>cupresso,</strong></span> <span class='ocrx_word' id='word_1_230' title='bbox 866 3514 936 3576; x_wconf 83' lang='lat' dir='ltr'><strong>quae</strong></span> <span class='ocrx_word' id='word_1_231' title='bbox 949 3492 1185 3575; x_wconf 88' lang='lat' dir='ltr'><strong>verbis‚scripto</strong></span> 
     </span>
     <span class='ocr_line' id='line_1_35' title="bbox 212 3582 1185 3673; baseline -0.014 -16"><span class='ocrx_word' id='word_1_232' title='bbox 212 3595 376 3659; x_wconf 85' lang='lat' dir='ltr'><strong>autetiam</strong></span> <span class='ocrx_word' id='word_1_233' title='bbox 398 3592 530 3656; x_wconf 91' lang='lat' dir='ltr'><strong>nutibus</strong></span> <span class='ocrx_word' id='word_1_234' title='bbox 543 3591 750 3673; x_wconf 79' lang='lat' dir='ltr'><strong>exprimitur;</strong></span> <span class='ocrx_word' id='word_1_235' title='bbox 771 3589 832 3649; x_wconf 91' lang='lat' dir='ltr'><strong>alia</strong></span> <span class='ocrx_word' id='word_1_236' title='bbox 847 3585 952 3662; x_wconf 81' lang='lat' dir='ltr'><strong>tacito,</strong></span> <span class='ocrx_word' id='word_1_237' title='bbox 968 3601 1038 3666; x_wconf 81' lang='lat' dir='ltr'><strong>quae</strong></span> <span class='ocrx_word' id='word_1_238' title='bbox 1060 3582 1096 3645; x_wconf 89' lang='lat' dir='ltr'><strong>fit</strong></span> <span class='ocrx_word' id='word_1_239' title='bbox 1115 3591 1185 3644; x_wconf 91' lang='lat' dir='ltr'><strong>tan-</strong></span> 
     </span>
     <span class='ocr_line' id='line_1_36' title="bbox 213 3679 789 3763; baseline -0.014 -17"><span class='ocrx_word' id='word_1_240' title='bbox 213 3693 284 3746; x_wconf 88' lang='lat' dir='ltr'><strong>tum</strong></span> <span class='ocrx_word' id='word_1_241' title='bbox 300 3702 355 3763; x_wconf 86' lang='lat' dir='ltr'><strong>per</strong></span> <span class='ocrx_word' id='word_1_242' title='bbox 370 3690 458 3744; x_wconf 87' lang='lat' dir='ltr'><strong>actus</strong></span> <span class='ocrx_word' id='word_1_243' title='bbox 471 3680 618 3761; x_wconf 89' lang='lat' dir='ltr'><strong>professis</strong></span> <span class='ocrx_word' id='word_1_244' title='bbox 634 3679 789 3762; x_wconf 80' lang='lat' dir='ltr'><strong>proprios</strong></span> 
     </span>
    </p>

    <p class='ocr_par' dir='ltr' id='par_1_9' title="bbox 251 3761 1181 3850">
     <span class='ocr_line' id='line_1_37' title="bbox 251 3761 1181 3850; baseline -0.012 -17"><span class='ocrx_word' id='word_1_245' title='bbox 251 3771 297 3834; x_wconf 82' lang='lat' dir='ltr'><strong>nd</strong></span> <span class='ocrx_word' id='word_1_246' title='bbox 313 3771 453 3833; x_wconf 90' lang='lat' dir='ltr'><strong>valorem</strong></span> <span class='ocrx_word' id='word_1_247' title='bbox 464 3768 617 3847; x_wconf 87' lang='lat' dir='ltr'><strong>religiosae</strong></span> <span class='ocrx_word' id='word_1_248' title='bbox 632 3766 836 3850; x_wconf 88' lang='lat' dir='ltr'><strong>professionis</strong></span> <span class='ocrx_word' id='word_1_249' title='bbox 848 3764 942 3846; x_wconf 88' lang='lat' dir='ltr'><strong>plura</strong></span> <span class='ocrx_word' id='word_1_250' title='bbox 955 3761 1181 3836; x_wconf 74' lang='lat' dir='ltr'><strong>requiruntur:</strong></span> 
     </span>
    </p>
   </div>
   <div class='ocr_carea' id='block_1_7' title="bbox 0 0 1341 4208">
    <p class='ocr_par' dir='ltr' id='par_1_10' title="bbox 0 0 1341 4208">
     <span class='ocr_line' id='line_1_38' title="bbox 0 0 1341 4208; baseline 0 0"><span class='ocrx_word' id='word_1_251' title='bbox 0 0 1341 4208; x_wconf 95' lang='lat' dir='ltr'><strong> </strong></span> 
     </span>
    </p>
   </div>
  </div>
 </body>
</html>
