2590 4208
493 211 577 262 tmen
599 199 733 266 rannus.
1060 217 1099 283 63

123 335 430 417 peribussubveniri
447 335 534 399 haud
553 345 667 418 posset,
685 338 731 400 vel
747 340 773 400 si
788 359 835 403 res
850 350 966 411 serrari
982 359 1096 436 alequi.

120 433 204 498 rent,
224 426 250 486 si
265 425 440 488 vendendae
454 435 558 488 essent
571 426 609 488 ad
626 425 774 490 solvenda
789 429 894 494 debita
909 455 967 516 pro
981 445 1098 521 quihus

119 513 291 576 creditores
315 525 464 594 urgerent
482 512 566 596 apud
584 513 742 590 judicem;
765 518 814 579 vel
830 520 862 581 in
878 540 952 587 casu
967 535 1098 596 notoriae

121 603 282 678 utilitatis
298 603 322 664 si
337 610 500 685 expectato
514 601 677 682 pontificio
690 621 846 669 consensu
862 610 1035 682 timendum
1047 641 1097 685 es-

121 699 168 752 set
184 707 225 750 ne
240 692 386 753 transiret
401 700 581 772 opportuna
599 691 734 754 occasio.
761 691 804 775 (S.
822 695 948 776 Lignor.
976 705 1031 768 lib.
1057 717 1097 789 t,

122 789 160 840 n⁰
174 778 242 853 lar,
258 779 387 840 Notand.
404 790 458 860 vt.)
717 799 719 804 ·

164 867 294 929 Poenam
324 868 659 931 excommunicationis
683 869 820 951 maj0ris‚
848 874 917 957 ipso
944 880 1026 948 tacto
1051 887 1099 948 in.

126 973 243 1028 cursae,
269 957 377 1018 intulit
397 957 469 1020 Pius
485 955 536 1032 lX,
561 975 616 1037 per
637 957 743 1022 Const.
761 962 937 1042 Apostolicoe
951 971 1054 1047 Sedis,
1067 977 1100 1036 in

127 1045 302 1106 alienantes
322 1053 353 1106 et
375 1045 513 1126 recipere
529 1053 752 1124 praesumentes
776 1049 859 1114 bona
879 1057 1099 1127 ecclesiastica.

127 1133 193 1194 liae
219 1139 325 1194 autem
349 1133 564 1213 prohibitione
587 1141 618 1196 et
644 1136 745 1216 poenis
766 1143 1085 1220 comprehenduntur

128 1239 193 1283 nou
213 1219 317 1283 solum
332 1223 499 1302 religiones
513 1222 546 1283 in
562 1222 678 1302 quibus
696 1233 769 1288 vota
784 1228 934 1296 solemnia
951 1237 1102 1301 emittun-

131 1319 195 1384 tur,
213 1308 265 1371 sed
289 1311 383 1371 etiarn
397 1328 508 1373 omnes
527 1309 800 1390 congregationes,
822 1319 915 1382 etiarn
938 1321 970 1384 in
989 1327 1104 1406 quibus

133 1397 224 1460 nulla
239 1407 311 1459 vcta
335 1400 541 1474 emittuntur3
558 1401 677 1482 quippe
701 1400 751 1464 lex
770 1423 877 1470 omnia
896 1413 1102 1483 ecclesiastica

133 1487 368 1566 mmmmffl.

173 1574 234 1638 Sed
251 1577 282 1636 in
298 1575 416 1637 eisdem
428 1594 493 1640 non
509 1578 824 1656 comprehenduntur
838 1585 966 1651 ordines
979 1591 1103 1676 incapa.

134 1683 186 1726 ces
201 1664 234 1726 in
256 1666 417 1726 communi
433 1665 630 1746 possidendi,
648 1678 742 1748 prout
757 1681 830 1734 sunt
844 1675 982 1740 minores
997 1680 1107 1744 obser-

135 1760 249 1816 rantes
263 1760 293 1814 et
307 1752 489 1834 Capuccini‚
519 1754 598 1817 Cum
613 1756 698 1818 enim
712 1757 763 1820 isti
779 1759 862 1824 bona
877 1767 1038 1846 possidere
1052 1791 1108 1835 ne-

137 1851 269 1924 queant,
286 1843 381 1904 etiam
398 1845 615 1919 incommuni,
632 1849 806 1910 necessario
821 1851 873 1915 illa
889 1873 945 1935 per
960 1866 1110 1939 patronos

50 2003 53 2010 ,
140 1931 280 1993 vendere
294 1931 430 2008 debent;
455 1940 484 1995 et
498 1933 559 1995 boc
573 1933 637 1996 illis
662 1933 734 1998 licet
753 1945 788 2000 ut
803 1938 835 2000 in
861 1961 936 2007 usus
950 1963 1024 2010 suos
1039 1968 1112 2031 pre·

140 2021 219 2083 tium
236 2035 423 2083 consumere
437 2021 574 2084 valeant.
1022 2038 1024 2040 ’

179 2107 288 2182 Quoad
301 2109 475 2171 immobilia
490 2109 599 2172 modici
613 2111 733 2190 valoris,
748 2115 799 2198 jus
810 2124 963 2200 permittit
973 2127 1028 2192 illa
1042 2133 1113 2197 alie·

99 2251 100 2256 ,
139 2216 217 2259 nare
231 2215 303 2258 cum
319 2197 385 2260 sola
399 2198 545 2280 Episcopi
561 2199 706 2272 licentia.
723 2212 755 2266 ut
770 2219 892 2274 constat
907 2214 939 2278 C.
962 2217 988 2278 T
985 2225 1120 2302 erratas,

139 2286 207 2359 cul,
229 2285 318 2365 juxta
333 2285 523 2349 decisionem
545 2286 575 2350 S.
593 2289 705 2369 Congr.
729 2292 861 2362 Concilii
876 2307 911 2366 tl
928 2305 998 2371 Jan.
1018 2314 1110 2396 1596,

139 2392 203 2437 non
221 2371 280 2436 fuit
294 2374 490 2454 derogatum.
506 2411 546 2424 -
564 2378 676 2442 Medici
692 2393 797 2447 autem
819 2391 934 2454 valoris
948 2397 1043 2462 hodie
1066 2423 1115 2467 re·

140 2469 295 2542 putantur
309 2479 380 2541 quae
395 2479 552 2525 summam
565 2466 625 2528 500
637 2467 818 2536 francorum
832 2495 895 2540 non
912 2487 1078 2554 excedunt.

181 2550 311 2610 Pretiosa
330 2561 519 2630 reputantur
537 2554 685 2630 mobilia,
702 2559 752 2620 vel
779 2580 816 2624 ex
837 2571 986 2648 materia,
1004 2589 1038 2640 ut
1052 2598 1111 2644 au.

139 2657 224 2712 rum,
241 2641 433 2716 margaritae,
448 2647 521 2716 etc,
533 2642 563 2703 'si
574 2643 613 2704 ad
622 2643 758 2708 valorem
773 2653 834 2716 500
846 2653 1028 2728 francorum
1044 2687 1111 2750 per·

138 2727 281 2802 veniant,
298 2729 398 2790 velex
413 2727 525 2806 forma,
543 2739 581 2793 ut
595 2732 735 2813 picturae,
753 2756 849 2820 opera
866 2749 994 2826 textilia,
1010 2760 1112 2824 atalia

139 2817 171 2880 id
197 2834 308 2895 genus,
325 2814 458 2896 quaeob
482 2827 581 2883 artem
596 2822 645 2883 vel
657 2825 876 2906 antiquitatem
898 2843 1003 2920 magni
1024 2851 1114 2926 pretii
1220 2834 1224 2844 ¹

140 2905 301 2969 habentur
315 2927 324 2981 ;
340 2907 415 2970 item
430 2907 571 2990 reliquiae
585 2910 734 2992 insignes,
752 2935 847 2984 sacrae
863 2923 1027 3011 imagines,
1043 2955 1114 3016 quaa

139 2995 174 3058 iu
191 3013 306 3075 magna
318 2998 521 3059 veneratione
533 3007 607 3061 sunt
618 3003 701 3083 apud
714 3009 880 3087 populum.

180 3083 257 3146 Jura
270 3101 399 3165 quoque
414 3086 600 3169 incorporea
617 3090 888 3178 jurisdictionum,
903 3107 950 3168 rel
966 3117 1111 3189 praeemi.

139 3173 281 3236 nentiam
298 3172 424 3237 aliudve
439 3193 538 3256 genus
553 3177 765 3245 honorificum
782 3195 961 3267 praestantia
982 3199 1113 3269 alienari

141 3270 307 3342 nequeunt
322 3261 442 3343 absque
456 3264 657 3346 beneplacito
672 3277 857 3353 apostolico.

179 3351 290 3425 Quoad
314 3369 406 3414 casus
430 3353 462 3415 in
482 3355 600 3434 quibus
620 3358 750 3424 alienari
772 3381 935 3448 nequeunt
959 3385 1110 3461 pecunia»,

139 3439 212 3503 vide
227 3440 284 3501 Dea
306 3438 557 3506 Communautc'sd
580 3463 667 3508 voeucc
687 3450 825 3531 simplet,
843 3457 884 3518 n¹¹
905 3464 1052 3533 804-808,
1076 3475 1114 3538 Et

139 3527 247 3611 quoad
270 3528 442 3592 locationes
461 3540 492 3593 et
513 3533 739 3600 conductiones
763 3541 834 3605 vide
852 3545 952 3630 ltin,
979 3557 1019 3618 nb
1036 3565 1111 3639 809,

179 3703 382 3786 beneplacito
401 3709 575 3790 apostolico
589 3713 684 3776 etiam
699 3724 744 3779 est
767 3737 848 3804 opus
861 3727 893 3790 in
909 3731 1109 3806 alienationi-
