2552 4204
156 313 211 372 tob
421 322 573 368 rceuunra
596 321 678 365 runis
700 320 851 366 exnonrcr.

152 428 241 488 etiarn
260 424 418 499 meritum,
442 425 466 484 si
491 422 541 482 fiat
562 439 722 502 perquem
746 439 808 482 nen
830 419 937 494 debet,
953 423 1127 482 utsrmerte

151 515 262 593 dignus
274 514 445 594 puniature
466 511 564 590 judice
579 511 714 572 saeculari
728 530 736 586 ;
752 508 901 571 velmede
920 508 1040 580 illicito,
1059 513 1092 570 ut
1106 506 1130 569 si

152 605 169 664 a
177 603 280 680 judice
304 602 444 664 Ecclesiae
464 603 607 682 puniatur
621 618 675 680 per
689 599 812 662 laicum.
827 599 859 660 S.
871 598 1009 678 Liguor„
1023 597 1078 660 lib.
1092 601 1130 674 7,

154 701 188 751 n⁰
204 695 273 754 art.

193 783 259 841 Non
286 787 388 842 autern
411 780 577 842 incurritur
600 777 903 840 excommunicatio:
922 777 951 837 t·
979 776 1004 838 si
1035 775 1088 838 tur
1114 775 1132 836 t

154 869 263 931 clerieo
277 870 355 930 ciam
366 869 471 949 eripiat
482 885 663 929 crumenam
679 866 725 928 vel
738 875 871 942 vestem,
887 867 958 946 quia
973 865 1052 926 aetio
1070 883 1133 926 nen

155 967 199 1018 est
213 957 343 1018 violenta
360 976 367 1017 ε
384 975 471 1018 secus
485 956 510 1017 si
529 956 675 1017 violenter
690 956 813 1035 eripiat;
836 959 867 1018 2⁰
886 955 909 1016 si
926 955 1084 1037 percussio
1099 953 1136 1015 sit

154 1047 267 1124 iocosa,
284 1046 423 1126 quamvis
441 1047 548 1124 gravis,
574 1052 604 1106 et
628 1045 719 1105 etiam
745 1043 941 1123 cumulique
965 1043 1023 1116 ire,
1054 1042 1079 1102 si
1098 1041 1136 1103 ad

156 1135 283 1196 mortale
306 1153 366 1196 non
382 1135 532 1216 pertinget
546 1139 623 1214 (cap.
642 1138 671 1209 t,
689 1134 733 1194 De
746 1133 829 1195 Sent.
854 1130 1010 1213 excomm.)
1028 1149 1036 1190 :
1054 1130 1136 1192 unde

156 1230 189 1285 ut
203 1225 462 1285 excommunicati
483 1242 545 1284 non
572 1223 723 1284 habentur
736 1225 822 1304 pueri
837 1221 938 1283 clerici
953 1220 1005 1302 qui
1022 1221 1137 1300 pugnis

156 1313 380 1392 sepereutiunt‚
396 1313 597 1392 ticetsanguis
607 1313 757 1395 etnaribus
767 1311 952 1381 effundetur3
966 1310 1039 1390 quia
1050 1328 1137 1390 regu·

157 1400 257 1461 lariter
279 1419 441 1481 puerorum
466 1401 620 1482 percussio
638 1420 700 1462 nen
725 1407 883 1480 reputatur
900 1399 1031 1480 graviter
1050 1399 1136 1478 inju-

157 1489 252 1564 riosa;
268 1492 302 1552 3ο
312 1490 338 1551 si
353 1491 507 1572 percussio
526 1491 564 1550 sit
585 1489 622 1550 ad
640 1489 864 1551 defendendum
876 1507 909 1550 se
919 1488 966 1550 vel
981 1505 1055 1550 sues
1067 1534 1076 1562 ,
1090 1486 1137 1550 vel

158 1596 206 1639 res
218 1597 288 1639 suas
297 1597 367 1640 cum
379 1578 587 1640 moderamine
598 1587 698 1640 tamen
710 1579 869 1659 inculpatae
880 1577 1000 1652 tutelae3
1017 1580 1051 1636 4⁰
1062 1595 1138 1657 que·

158 1666 215 1734 ties
228 1671 395 1748 percussio,
404 1672 467 1731 sive
480 1689 517 1729 er
532 1669 684 1730 levitatem
695 1669 793 1748 ipsius
803 1665 1137 1748 siveebimpcrieetie-

158 1775 229 1818 nem
238 1758 442 1831 advertentiae,
455 1758 493 1820 ad
503 1757 628 1840 mortale
640 1777 700 1819 nen
710 1757 847 1839 pervenit
855 1776 865 1830 ;
883 1759 917 1818 5⁰
927 1755 953 1817 si
963 1755 1094 1819 clericus
1103 1759 1138 1818 ut

158 1845 226 1907 talis
252 1867 314 1909 non
337 1855 529 1928 agnoscatur,
553 1854 646 1929 prout
665 1847 688 1908 si
712 1852 918 1928 percuteretur
936 1843 1133 1907 intenebris.

157 1936 316 1999 Dubitatur
338 1945 440 1999 autern
462 1957 501 1998 an
522 1936 684 1999 incurrerit
706 1932 1054 1998 excommunicationem
1079 1934 1133 2015 qui

157 2033 327 2104 percuteret
349 2028 492 2104 ignorans
508 2045 573 2088 esse
589 2027 744 2100 clericum,
761 2024 813 2088 sed
828 2025 869 2086 ita
884 2024 988 2086 animo
1004 2041 1134 2102 eompa-

158 2121 253 2186 ratus‚
279 2121 311 2175 ut
330 2115 446 2176 etiamsi
474 2115 559 2177 illum
585 2121 785 2194 cognosceret
815 2114 908 2175 etiam
938 2121 1133 2194 percuteret:

159 2202 307 2264 sententie
331 2220 446 2282 negans
473 2213 517 2265 est
536 2205 731 2266 communior
755 2212 784 2265 et
812 2202 1023 2284 probabilior,
1049 2201 1137 2283 juxte

159 2291 329 2369 Sbiguer„
340 2291 431 2352 mede
445 2293 616 2372 percutiens
629 2293 878 2373 penitusigneret
889 2309 955 2353 esse
969 2290 1134 2354 clericum:

158 2397 245 2440 secus
259 2390 362 2442 eutem
372 2380 396 2441 si
414 2380 574 2458 dubitaret,
595 2386 648 2444 aut
663 2381 686 2442 si
702 2381 872 2442 intenderet
886 2398 956 2442 eum
972 2385 1136 2460 pereutere

158 2468 220 2530 sive
235 2469 327 2531 laicus
341 2469 377 2531 sit
393 2471 455 2531 sive
469 2469 609 2533 clericus.
627 2463 705 2532 Sunt
730 2471 783 2551 qui
809 2469 914 2532 dicunt
928 2469 1131 2549 ignerantiam

157 2577 290 2620 crassam
306 2578 450 2622 excusare
469 2560 507 2622 ab
524 2561 577 2622 bec
600 2559 940 2632 excommunicatione3
956 2559 1008 2620 sed
1026 2560 1136 2622 meritd

158 2647 189 2708 id
207 2648 371 2728 reprobant
393 2649 492 2723 Creix,
513 2651 657 2724 Sanchez,
674 2659 747 2726 ete,
768 2649 839 2730 quia
865 2647 967 2720 rerba,
992 2647 1135 2712 erodente

157 2735 286 2814 diabolo,
307 2738 471 2818 important
491 2741 611 2802 tanturn
645 2739 876 2820 percussionem
907 2754 980 2800 curn
1011 2746 1135 2818 peceato

158 2843 250 2903 gran.

199 2915 272 2976 Item
293 2916 640 2980 excommunicationem
676 2935 738 2976 nen
772 2915 933 2977 incurrunt
962 2915 1134 2995 Praelatus,

157 3014 340 3087 praeceptor,
380 3013 478 3080 pater,
512 3012 583 3079 ete,
611 3004 812 3083 percutientes
838 3005 984 3066 clericum
1019 3004 1051 3066 in
1077 3006 1135 3068 mi·

165 3095 282 3155 roribus
298 3095 495 3155 constitutum
514 3093 709 3154 correctionis
729 3096 837 3168 causa,
858 3093 1013 3155 moderate
1033 3101 1134 3157 tamen

155 3183 239 3259 juxta
261 3183 436 3260 gravitatem
454 3181 571 3261 eulpae:
598 3181 655 3242 hoc
678 3195 805 3263 possunt
823 3183 916 3244 etiarn
940 3183 1086 3245 Praelatus
1106 3190 1134 3246 et

158 3276 333 3349 praeceptor,
349 3288 419 3350 erga
434 3270 579 3332 clerieurn
589 3271 619 3330 in
636 3272 729 3333 saeris
743 3271 961 3344 constitutum
977 3290 1015 3332 en
1028 3277 1132 3335 autem

158 3357 237 3418 idem
254 3359 344 3433 possit
364 3369 457 3439 pater,
478 3361 720 3422 controvertitur.
736 3363 798 3422 Nec
819 3362 979 3422 incurrunt
1001 3362 1133 3425 ministri

157 3448 207 3525 qui
220 3447 375 3507 verberant
387 3457 437 3509 aut
451 3449 480 3508 in
490 3467 643 3510 carcerem
656 3448 820 3510 detrudunt
834 3449 979 3512 clericum
993 3469 1082 3511 reum
1096 3468 1133 3514 ex

156 3532 240 3613 jussu
261 3538 428 3614 superioris
447 3538 639 3598 ecelesiastici
655 3551 734 3618 tcap.
755 3538 794 3601 [lt
811 3538 920 3618 soraerzoe
930 3542 985 3614 35,
1004 3537 1130 3603 deScnt.

155 3642 309 3698 cecorum,
321 3631 350 3684 et
363 3644 431 3706 cap.
449 3625 577 3688 clericos
592 3630 640 3702 15,
655 3627 690 3688 de
701 3625 781 3690 Sent.
798 3646 952 3701 cecorum,
968 3627 998 3688 in
1013 3632 1070 3705 6⁰).

196 3712 270 3771 item
292 3715 567 3776 excommunicatio
595 3733 656 3776 nen
679 3717 843 3778 incurritur
861 3717 886 3778 si
908 3735 1072 3799 percussus
1093 3718 1131 3780 sit

155 3801 273 3861 reatina·
287 3801 467 3881 degradatus
487 3803 533 3864 vel
553 3803 703 3884 bigamus,
717 3807 764 3866 vet
775 3823 920 3868 exercens
935 3807 1056 3887 pubtice
1071 3805 1127 3868 etii
