2574 4198
208 305 267 363 630
480 317 632 362 sabrinum
652 317 734 360 tuuis
756 315 902 361 canotum.

211 441 228 476 a
247 426 312 481 tum
331 425 493 499 praestent;
512 421 634 481 alteram
657 419 800 481 adversus
819 437 1025 500 possessorem
1043 419 1088 479 rei
1108 416 1184 478 malt

210 529 226 566 a
248 509 421 570 alienatae...
437 509 617 572 Utramlibet
631 527 698 570 eam
713 508 865 569 actionem
880 508 1030 569 intentare
1043 507 1124 568 valet
1138 507 1185 586 ip-

211 619 227 654 «
247 605 342 658 semet
357 597 435 660 male
450 598 584 660 alienans
598 597 758 664 Praelatus,
776 597 858 677 quia,
874 596 948 658 dnm
963 599 1062 678 agitur
1077 595 1117 657 de
1132 614 1187 676 pu·

212 708 228 743 a
248 686 326 748 blica
339 686 466 748 utilitate
485 693 515 749 at
529 686 694 768 praesertim
710 686 859 760 ecclesiae,
876 685 1010 766 allegans
1030 685 1188 766 propriam

212 797 227 832 a
248 775 467 854 turpitudinem
481 774 650 838 audiendus
665 780 728 848 est;
745 775 818 835 item
834 775 900 853 ejus
914 793 1082 850 successor,
1099 773 1187 854 Capi-

214 884 228 921 a
248 864 359 941 tulum,
384 865 446 924 imd
470 882 597 944 persona
617 863 760 943 quaelibet
780 863 999 941 ecclesiastica,
1020 868 1075 924 aut
1096 863 1186 924 etiam

212 975 228 1008 a
248 959 394 1032 patronus
408 953 553 1026 ecclesias,
570 957 623 1016 aut
636 952 779 1032 Princeps
791 951 986 1014 territorialis.
1005 952 1078 1032 Cap.
1096 954 1187 1013 letti

212 1063 227 1098 a
248 1040 282 1100 de
299 1041 382 1102 redas
403 1041 500 1103 eccles.
519 1059 576 1102 nan
595 1039 773 1102 alienandis.
793 1062 808 1099 a
827 1043 865 1101 Et
884 1043 987 1102 revera
1006 1040 1037 1101 in
1059 1059 1129 1121 cap.
1151 1039 1188 1100 Si

209 1129 275 1209 quis
289 1133 318 1203 6,
335 1130 381 1192 lle
394 1130 454 1192 red.
472 1129 568 1192 eccles.
585 1149 643 1191 nun
657 1129 763 1207 aliea,
781 1129 892 1191 dicitur
906 1151 917 1189 .·
937 1151 952 1188 a
965 1129 1047 1192 Licet
1061 1130 1187 1210 quibus-

214 1239 228 1273 «
250 1236 381 1298 cumque
400 1218 609 1280 ecclesiasticis
633 1237 738 1280 vocem
757 1217 1004 1280 contradictionis
1019 1218 1143 1296 afferre,
1156 1225 1189 1280 nt

213 1325 228 1362 a
249 1324 319 1367 cum
334 1306 481 1368 fructibus
495 1307 611 1387 possint
626 1307 755 1368 alienata
769 1325 928 1388 reposcere
942 1313 972 1368 et
985 1306 1189 1370 ecclesiastica

214 1396 424 1470 tauctoritate
446 1394 594 1458 fulciri.»
623 1397 687 1458 lmb
713 1396 818 1456 Glossa
841 1395 899 1457 hoc
918 1396 968 1472 jus
991 1396 1128 1462 extendit
1152 1397 1188 1458 ad

209 1500 333 1544 omnem
349 1483 480 1546 fidelem.

248 1577 317 1636 776.
342 1571 461 1645 Quaerit.
477 1579 511 1635 4⁰
526 1577 571 1634 An
586 1573 624 1635 ad
635 1573 818 1636 validitatem
832 1572 1020 1635 alienationis
1034 1573 1186 1638 bonorum

208 1663 361 1738 Ecclesiae,
382 1664 552 1745 requiratur
564 1681 731 1725 consensus
746 1661 894 1743 Principis
908 1661 1085 1725 saecularis?

247 1753 336 1832 Resp.
362 1751 557 1834 Repalariter
578 1753 661 1814 hanc
682 1770 866 1814 consensum
891 1770 953 1812 non
971 1751 1099 1832 requiri,
1116 1755 1188 1816 cbm

206 1839 245 1901 de
260 1841 435 1904 necessitate
447 1841 621 1920 hujusmodi
632 1839 857 1920 consensbsjus
867 1840 1050 1902 canonicum
1061 1860 1187 1922 prorsus

207 1929 310 2006 sileat,
324 1937 354 1991 et
367 1929 510 2010 Princeps
526 1931 640 1991 nullam
655 1930 692 1990 de
707 1948 739 1992 se
756 1929 865 1990 habeat
886 1927 916 1990 in
937 1929 1015 1991 bona
1026 1931 1186 1993 ecclesias-

207 2018 265 2077 tica
283 2019 503 2080 auctoritatem.
522 2018 650 2079 Proinde
665 2018 756 2080 nnllae
777 2024 846 2078 sunt
867 2017 897 2078 in
913 2017 978 2079 soro
991 2019 1185 2082 conscientia

207 2105 300 2186 leges,
312 2125 380 2188 quae
392 2107 453 2168 sive
465 2106 578 2170 directe
590 2106 650 2168 sive
661 2107 807 2168 indirecte
818 2105 978 2186 prohibent
988 2107 1186 2172 alienationes

208 2192 383 2274 hujusmodi
405 2195 556 2258 bonorum
573 2195 670 2257 facere
685 2195 801 2276 absque
814 2213 965 2257 consensu
979 2196 1050 2257 dicti
1067 2196 1185 2261 Princi-

207 2283 253 2364 pis
267 2303 274 2345 :
288 2285 482 2348 solummodd
493 2284 583 2347 condi
602 2293 728 2366 possunt
741 2284 824 2364 leges
836 2283 938 2346 civiles
950 2284 1061 2365 quibus
1075 2287 1184 2350 obser-

207 2373 285 2436 vatio
298 2393 450 2437 canonum
462 2382 701 2458 promoveretur.

246 2463 367 2527 Dictum
386 2464 444 2527 fuit
465 2464 654 2547 repulariter,
671 2463 742 2545 quia
764 2481 817 2544 per
836 2463 977 2526 accidens
1000 2463 1065 2526 lieri
1086 2473 1185 2548 potest

206 2558 239 2616 ut
257 2555 445 2616 necessarius
463 2554 500 2615 sit
517 2573 684 2616 consensus
697 2552 816 2634 patroni
835 2560 887 2615 aut
905 2551 1063 2634 Principis,
1080 2573 1108 2618 v.
1126 2577 1156 2638 g.
1174 2577 1182 2618 ε

207 2645 239 2704 1⁰
256 2644 279 2704 si
296 2644 327 2704 in
346 2643 533 2720 fundatione,
549 2643 793 2712 constructione,
810 2641 964 2704 dotatione
978 2642 1114 2706 ecclesiae
1125 2646 1184 2710 hoa

202 2733 253 2812 jus
272 2732 376 2794 fnisset
398 2739 582 2795 reservatum
602 2729 693 2814 (arg,
713 2751 741 2794 c.
763 2734 814 2807 23,
834 2729 879 2793 Dr
900 2731 1088 2812 Jurepatr.);
1105 2737 1139 2794 2⁰
1159 2737 1184 2798 si

206 2821 285 2884 bona
297 2822 455 2885 alienanda
471 2842 530 2885 non
544 2822 603 2886 sint
622 2821 757 2884 absolute
772 2820 803 2880 in
823 2819 959 2882 dominio
974 2821 1110 2885 ecclesiae
1128 2843 1136 2886 ε
1152 2844 1181 2888 v.

205 2929 248 2993 g,
268 2913 292 2972 si
312 2919 412 2974 essent
429 2912 539 2974 donata
562 2911 591 2972 in
612 2910 748 2986 lendum,
765 2909 836 2992 quia
857 2916 927 2971 tunc
945 2908 1118 2974 dominium
1137 2932 1184 2977 re·

204 3002 307 3064 nranet
320 3003 414 3083 penes
428 3001 606 3061 donatorem
619 3021 625 3070 ;
643 3003 676 3061 3ο
691 2999 715 3059 si
730 3000 875 3080 Princeps
891 3017 945 3080 per
959 2997 1116 3064 indultum
1131 3010 1183 3066 ant

203 3091 424 3152 Concordatnm
437 3089 494 3150 hoc
507 3089 555 3167 jus
569 3087 743 3150 obtinuerit.

242 3185 311 3242 777.
325 3179 447 3251 Quaerit.
470 3180 503 3239 5⁰
517 3180 664 3250 Quaenam
679 3180 739 3240 sint
753 3195 853 3258 poenae
867 3177 900 3238 in
920 3177 998 3240 male
1012 3178 1182 3246 alienantes

203 3265 283 3328 bona
298 3267 438 3329 Ecclesiae
450 3268 591 3329 statutae?

242 3359 332 3438 Resp.
353 3357 485 3417 Primam
501 3375 621 3436 poenam
637 3374 703 3418 esse
719 3356 1067 3419 excommunicationem
1082 3363 1180 3440 maja·

202 3464 266 3507 rem
281 3463 372 3526 quam
384 3445 553 3523 incurrunt,
564 3446 629 3526 ipso
644 3445 732 3519 lacto,
747 3448 808 3506 tbm
824 3445 989 3508 alienantes
1002 3447 1095 3526 qnam
1110 3451 1181 3514 alie·

202 3541 270 3596 nata
281 3534 458 3614 recipientes
471 3542 520 3596 aut
535 3535 592 3615 ipsi
603 3535 836 3609 subscribentes,
848 3553 883 3596 ex
896 3553 963 3616 cap.
980 3535 1177 3620 Apostoliaas,

201 3642 266 3704 cap.
284 3623 354 3684 Non
372 3623 474 3698 liceat,
492 3642 582 3685 causa
598 3627 653 3700 ta,
671 3643 702 3704 q.
720 3627 754 3696 23
768 3641 835 3704 cap.
853 3622 893 3685 Si
909 3629 975 3704 qais
984 3625 1177 3708 presbytero-

201 3733 266 3773 rarn
282 3717 312 3790 6,
331 3713 372 3774 lle
388 3713 471 3774 redas
484 3713 581 3774 eccles.
600 3732 658 3772 non
671 3712 781 3788 alien.;
798 3722 828 3774 et
846 3715 965 3775 Extrav.
986 3713 1174 3781 Ambitione.

200 3804 265 3864 Non
282 3809 325 3863 est
340 3808 488 3863 reservata
502 3803 587 3880 juxta
602 3801 733 3862 Farraris
745 3802 786 3877 (r⁰
799 3801 963 3875 Alisontia,
980 3811 1034 3865 art.
1048 3807 1081 3878 6,
1098 3815 1134 3867 n⁰
1149 3812 1177 3880 lt
